=LDR  00714nam a2200205 p 4500
=001  8773
=005  20250120115850.0
=008  770823s1977\\\\ne\a\\\\\b\\\\000\0\dut\\
=015  \\$aNe77-10
=020  \\$a9022836169 :$cfl 32.50
=040  \\$aOI
=100  \\$aKlok, R. H. J.$912056
=245  10$aArcheologisch reisboek voor Nederland /$cR. H. J. Klok.
=260  \\$aHaarlem :$bFibula-Van Dishoeck,$c[1977]
=300  \\$a366 p. :$bill. ;$c25 cm.
=504  \\$aIncludes bibliographical references.
=651  \0$aNetherlands$1http://www.wikidata.org/entity/Q55$9173
=942  \\$cBOO
=952  \\$00$10$40$70$98764$aORPH$bORPH$cLOC_UNK$d2021-01-12$l0$p20120254$r2021-01-12 00:00:00$w2021-01-12$yTYPE_UNK$OKoopman
=999  \\$c8773$d8773

