=LDR  01567aam a2200289   4500
=001  8790
=008  250423s1963\\\\|||afgc|\b|||\001\0dger\d
=041  \\$ager
=100  \\$aKnick, Bernhard$912069$4edt
=245  \\$aSt. Thomas zu Leipzig, Schule und Chor.$bStätte des Wirkens von Johann Sebastian Bach.
=260  \\$c1963$aWiesbaden$bBreitkopf & Härtel
=300  \\$a414 pages
=590  \\$aBilder und Dokumente zur Geschichte der Thomasschule und des Thomanerchores mit ihre zeitgeschichtlichen Beziehungen
=610  \0$aThomasschule (Leipzig, Germany)$1http://www.wikidata.org/entity/Q699668$91465
=610  20$aThomanerchor Leipzig (Germany)$1http://www.wikidata.org/entity/Q699313$926243
=650  \0$aMusic education$1http://www.wikidata.org/entity/Q27908$921766
=650  \0$aClassical education$1http://www.wikidata.org/entity/Q5128321$94599
=650  \0$aBoys' Choir$1http://www.wikidata.org/entity/Q1776834$940080
=650  \0$aCantor$1http://www.wikidata.org/entity/Q330679$923204
=650  \0$aChurch music$1http://www.wikidata.org/entity/Q8812109$1http://www.wikidata.org/entity/Q1065742$92283
=650  \0$aChurch$1http://www.wikidata.org/entity/Q16970$93776
=650  \0$aMusic history$1http://www.wikidata.org/entity/Q846047$921373
=651  \0$aLeipzig (Germany)$1http://www.wikidata.org/entity/Q2079$945
=700  \\$aMezger, Manfred$4win$940083
=942  \\$cBOO
=952  \\$00$10$2ddc$40$6TOP_DE_LEI$70$8TOP$98781$aORPH$bORPH$cKTS0$d2021-01-12$eKoopman$i19D36$l0$oTOP DE.LEI$p20127832$r2021-01-12 00:00:00$w2021-01-12$yBOO$OKoopman
=999  \\$d8790

