=LDR  00749aam a2200181   4500
=001  8798
=008  241202s1929\\\\||||||||\||||\00|\0\ger\d
=100  \\$aKobald, K.$912077$4aut
=245  \\$aAlt-Wiener Musikstätten
=260  \\$c1929$aVienna$bAmalthea
=300  \\$a400-[4] pages
=500  \\$aMusic history of Vienna from 12th century until Schubert
=590  \\$aMit 98 einseitigen und 12 doppelseitigen Abbildungen
=650  \0$aMusic history$1http://www.wikidata.org/entity/Q846047$921373
=651  \0$aVienna (Austria)$1http://www.wikidata.org/entity/Q1741$920937
=942  \\$cBOO
=952  \\$00$10$2ddc$40$6TOP_AT_VIE$70$8TOP$98789$aORPH$bORPH$cKTS0$d2021-01-12$eKoopman$l0$oTOP AT.VIE$p20129247$r2021-01-12 00:00:00$w2021-01-12$yBOO$OKoopman
=999  \\$d8798

