=LDR  01002cam a2200241 p 4500
=001  8802
=005  20250120120038.0
=008  770912s1977\\\\ne\a\\\\\b\\\\001\0\dut\\
=015  \\$aNe77-20
=020  \\$a9060114531 :$cfl 15.00
=040  \\$aOI
=100  \\$aKoch, A. C. F.$912080
=245  10$aZwarte kunst in de Bisschopstraat :$bboek en druk te Deventer in de 15de eeuw /$cdoor A. C. F. Koch.
=260  \\$aDeventer :$bBoekhandel Praamstra ;$aZutphen :$bWalburg Pers,$c1977.
=300  \\$a80 p. :$bill. ;$c20 cm.
=504  \\$aBibliography: p. 74-76.
=648  \0$a15th Century (1401-1500)$1http://www.wikidata.org/entity/Q7018$921015
=650  \0$aPrinting$1http://www.wikidata.org/entity/Q11034$921936
=650  \0$aBook$1http://www.wikidata.org/entity/Q571$92285
=651  \0$aDeventer (Netherlands)$1http://www.wikidata.org/entity/Q10001$9105
=942  \\$cBOO
=952  \\$00$10$40$70$98793$aORPH$bORPH$cLOC_UNK$d2021-01-12$l0$p20122348$r2021-01-12 00:00:00$w2021-01-12$yTYPE_UNK$OKoopman
=999  \\$d8802

