=LDR  00366    a2200109   4500
=001  8822
=100  \\$aKolb$912098
=245  \\$aKalender 2005
=260  \\$c2005
=942  \\$cBOO
=952  \\$00$10$2ddc$40$6VIS_KALE_2005_000000000000000$70$8VIS$98813$aORPH$bORPH$cKTS1_H$d2021-01-12$eKoopman$i34C30$l0$oVIS KALE 2005$p20130311$r2021-01-12 00:00:00$w2021-01-12$yBOO$OKoopman
=999  \\$c8822$d8822

