=LDR  00366    a2200109   4500
=001  8824
=100  \\$aKolb$912098
=245  \\$aKalender 2007
=260  \\$c2007
=942  \\$cBOO
=952  \\$00$10$2ddc$40$6VIS_KALE_2007_000000000000000$70$8VIS$98815$aORPH$bORPH$cKTS1_H$d2021-01-12$eKoopman$i36F09$l0$oVIS KALE 2007$p20130308$r2021-01-12 00:00:00$w2021-01-12$yBOO$OKoopman
=999  \\$c8824$d8824

