=LDR  01867cam a2200409 i 4500
=001  8839
=005  20250120120203.0
=007  vd\cvaiz|
=008  120103s2011\\\\ne\a\\\\\b\\\\000\0\dut\d
=010  \\$a  2012367544
=020  \\$a9789460040856
=040  \\$aERASP$beng$erda$cERASP$dERASA$dNGA$dCDX$dUKMGB$dOCLCO$dOHX$dNYP$dDLC
=042  \\$alccopycat
=043  \\$ae-ne---$ae-be---
=100  \\$aKoldeweij, A. M.$912101
=245  03$aDe koorbanken van Oirschot en Aarschot :$bgezien door de lens van Hans Sibbelee en Jan Verspaandonk /$cJos Koldeweij [and five others].
=264  \1$aNijmegen :$bUitgeverij Vantilt,$c[2011]
=300  \\$a178 pages :$billustrations (some color) ;$c24 cm +$e1 DVD (4 3/4 in.)
=336  \\$atext$btxt$2rdacontent
=336  \\$atwo-dimensional moving image$btdi$2rdacontent
=337  \\$aunmediated$bn$2r da media
=337  \\$avideo$bv$2rdamedia
=338  \\$avolume$bnc$2rdacarrier
=338  \\$avideodisc$bvd$2rdacarrier
=504  \\$aIncludes bibliographical references (pages 170-175).
=610  \0$aSint-Petruskerk (Oirschot, Netherlands)$91421
=610  \0$aOnze-Lieve-Vrouwekerk (Aarschot, Belgium)$1http://www.wikidata.org/entity/Q2419176$91422
=648  \0$aRenaissance (1400-1600)$1http://www.wikidata.org/entity/Q4692$920965
=650  \0$aChurch$1http://www.wikidata.org/entity/Q16970$93776
=650  \0$aChoir$1http://www.wikidata.org/entity/Q131186$93338
=650  \0$aArchitecture$1http://www.wikidata.org/entity/Q12271$93185
=650  \0$aApplied arts$1http://www.wikidata.org/entity/Q2865882$921627
=651  \0$aNetherlands$1http://www.wikidata.org/entity/Q55$9173
=651  \0$aFlanders (Belgium)$1http://www.wikidata.org/entity/Q234$989
=942  \\$cBOO
=952  \\$00$10$40$70$98830$aORPH$bORPH$cLOC_UNK$d2021-01-12$l0$p20120062$r2021-01-12 00:00:00$w2021-01-12$yTYPE_UNK$OKoopman
=999  \\$d8839

