=LDR  00782aam a2200193   4500
=001  8850
=008  250122s1960\\\\|||g||||\||||\00|\0dger\d
=041  \\$ager
=100  \\$aKomma, Karl Michael$913711
=245  \\$aDas Böhmische Musikantentum
=260  \\$c1960$aKassel$bJohann Philipp Hinnenthal
=300  \\$a212 pages
=490  \\$aDie Musik im alten und neuen Europa$v3
=650  \0$aMusic history$1http://www.wikidata.org/entity/Q846047$921373
=650  \0$aMusician$1http://www.wikidata.org/entity/Q639669$93574
=651  \0$aBohemia (Czech Republic)$1http://www.wikidata.org/entity/Q39193$921054
=942  \\$cBOO
=952  \\$00$10$2ddc$40$6TOP_CZ$70$8TOP$98841$aORPH$bORPH$cKTS0$d2021-01-12$eKoopman$i22D25$l0$oTOP CZ$p20128453$r2021-01-12 00:00:00$w2021-01-12$yBOO$OKoopman
=999  \\$d8850

