=LDR  00328    a2200109   4500
=001  8852
=100  \\$aKomter-Kuipers, A.$912119
=245  \\$aMuzyk yn Fryslân oant 1800
=260  \\$c1935
=942  \\$cBOO
=952  \\$00$10$40$70$98843$aORPH$bORPH$cLOC_UNK$d2021-01-12$l0$p20126809$r2021-01-12 00:00:00$w2021-01-12$yTYPE_UNK$OKoopman
=999  \\$c8852$d8852

