=LDR  02417nam a2200385 a 4500
=001  8854
=005  20251003085457.0
=008  911120s1990\\\\dk\a\\\\\bc\\\000\0\mul\|
=041  \\$adan$ager
=245  00$aFestmusik fra Renaissancen : En udstilling arrangeret i samararbejde mellem Dansk Selskap for Musikforskning, Det nationalhistoriske Museum pa Frederiksborg, Det kongelige Bibliotek.$bKatalog
=246  \1$aFestmusik aus der Renaissance
=260  \\$a[Copenhagen] :$bKongelige Bibliotek,$c1990.
=300  \\$a80 pages
=500  \\$aFestive Music from the Renaissance: An exhibition organised in collaboration between the Danish Society for Music Research, The National Historical Museum at Frederiksborg, The Royal Library.
=500  \\$a"Flensburger Musikalien": a musical collection compilated around 1600 by Hans Hartmann from Flensburg (ca. 1534-1606) , Treasurer of Sophia of Mecklenburg-Güstrow (1557-1631) - Queen of Denmark and Norway, Regent of Schleswig and Holstein from 1590 to 1594 -  in the St.Nikolai Library.
=504  \\$aIncludes bibliographical references (p. 79-80).
=648  \0$aRenaissance (1400-1600)$1http://www.wikidata.org/entity/Q4692$920965
=650  \0$aCatalogue$1http://www.wikidata.org/entity/Q2352616$1http://www.wikidata.org/entity/Q6941730$921484
=650  \0$aExhibition$1http://www.wikidata.org/entity/Q464980$925353
=650  \0$aMusic history$1http://www.wikidata.org/entity/Q846047$921373
=650  \0$aCollecting$1http://www.wikidata.org/entity/Q208165$92117
=650  \0$aLibrary$1http://www.wikidata.org/entity/Q7075$94229
=651  \0$aSchleswig-Holstein (Germany)$1http://www.wikidata.org/entity/Q1194$922805
=651  \0$aDenmark$1http://www.wikidata.org/entity/Q35$921295
=651  \0$aFlensburg (Germany)$1http://www.wikidata.org/entity/Q3798$939944
=700  \\$aKongsted, Ole$d1943-$1http://www.wikidata.org/entity/Q59610970$912121$4edt
=700  \\$aWinge, Vibeke$912122$4trl
=700  \\$aHeiberg, Steffen$940194$4edt
=700  \\$aKraack, Gerhard$940196$4edt
=710  \\$aDansk selskab for musikforskning.$91424
=710  \\$aNationalhistoriske museum på Frederiksborg.$91425
=710  \\$aKongelige Bibliotek (Denmark)$91426
=942  \\$cBOO
=952  \\$00$10$2ddc$40$6TOP_DK_4_000000000000000$70$8TOP$98845$aORPH$bORPH$cKTS0$d2021-01-12$eKoopman$i20B3$l0$oTOP DK 4$p20128007$r2021-01-12 00:00:00$w2021-01-12$yBOO$OKoopman
=999  \\$d8854

