=LDR  00345    a2200121   4500
=001  8855
=020  \\$a9030700114
=100  \\$aWittop Koning, D. A.$915557
=245  \\$aPharmacopoea ultrajectina
=260  \\$c1974
=942  \\$cBOO
=952  \\$00$10$40$70$98846$aORPH$bORPH$cLOC_UNK$d2021-01-12$l0$r2021-01-12 00:00:00$w2021-01-12$yTYPE_UNK$OKoopman
=999  \\$c8855$d8855

