=LDR  01020nam a2200241 a 4500
=001  8857
=005  20250120120135.0
=008  930726s1993\\\\ne\\\\\\\b\\\\001\0\dut\\
=020  \\$a9023227719
=040  \\$aOI
=041  0\$adut$beng
=100  \\$aKonst, J. W. H.$912125
=245  10$aWoedende wraakghierigheidt en vruchtelooze weeklachten :$bde hartstochten in de Nederlandse tragedie van de zeventiende eeuw /$cJ.W.H. Konst.
=260  \\$aAssen :$bVan Gorcum,$c1993.
=300  \\$ax, 282 p. ;$c24 cm.
=504  \\$aIncludes bibliographical references (p. 242-262) and indexes.
=650  \0$aPlay (theater)$1http://www.wikidata.org/entity/Q25379$921414
=650  \0$aTransposition$1http://www.wikidata.org/entity/Q815323$93154
=650  \0$aEmotion$1http://www.wikidata.org/entity/Q9415$921566
=942  \\$cBOO
=952  \\$00$10$40$70$98848$aORPH$bORPH$cLOC_UNK$d2021-01-12$l0$p20123380$r2021-01-12 00:00:00$w2021-01-12$yTYPE_UNK$OKoopman
=999  \\$c8857$d8857
=651  \0$aNetherlands$1http://www.wikidata.org/entity/Q55$9173

