=LDR  00344    a2200121   4500
=001  8859
=020  \\$a9070534169
=100  \\$aKool-Blokland, J.L.$912127
=245  \\$aDe zorg gewogen
=260  \\$c1990
=942  \\$cBOO
=952  \\$00$10$40$70$98850$aORPH$bORPH$cLOC_UNK$d2021-01-12$l0$p20127341$r2021-01-12 00:00:00$w2021-01-12$yTYPE_UNK$OKoopman
=999  \\$c8859$d8859

