=LDR  00410    a2200121   4500
=001  8869
=020  \\$a9063860315
=100  \\$aKoopman, Ton$d1944-$4cmp$1http://www.wikidata.org/entity/Q445121$910491
=245  \\$aKerstliedjes om te zingen en te spelen
=260  \\$c1983
=942  \\$cSCO
=952  \\$00$10$40$70$8SCO$98860$aORPH$bORPH$cKTS1_P$d2021-01-12$l0$p20121660$r2021-01-12 00:00:00$w2021-01-12$ySCO$OW.0469
=999  \\$c8869$d8869

