=LDR  01161cam a2200265 i 4500
=001  8892
=008  801002s1980\\\\gw\afo\\\b\\\\001\0\ger\\
=041  \\$ager
=100  \\$aKraus, Eberhard$912163$4aut
=245  10$aMit Orgelklang und Paukenschall.$bMusikkultur in Oberpfälzer Klöstern
=260  \\$aRegensburg$bPustet$c1980
=300  \\$a224 pages
=490  0\$aOberpfälzer Kostbarkeiten
=504  \\$aIncludes bibliographical references and indexes.
=650  \0$aChurch music$1http://www.wikidata.org/entity/Q8812109$92283
=650  \0$aMusic history$1http://www.wikidata.org/entity/Q846047$921373
=650  \0$aOrgan$1http://www.wikidata.org/entity/Q1444$92810
=650  \0$aMonastery$926216
=650  \0$aCatholicism$1http://www.wikidata.org/entity/Q1841$921631
=651  \0$aGermany$1http://www.wikidata.org/entity/Q183$9155
=651  \0$aUpper Palatinate (Germany)$1http://www.wikidata.org/entity/Q10555$940009
=700  \\$aHanske, Horst$4pht$940010
=942  \\$cBOO
=952  \\$00$10$2ddc$40$6TOP_DE_UPP3$70$8TOP$98883$aORPH$bORPH$cKTS0$d2021-01-12$eKoopman$i46D39$l0$oTOP DE.UPP3$p20127668$r2021-01-12 00:00:00$w2021-01-12$yBOO$OKoopman
=999  \\$d8892

