=LDR  00314    a2200109   4500
=001  8893
=100  \\$aKraus, J.M.$4cmp$912164
=245  \\$aSinfonie c-moll
=260  \\$c1960
=942  \\$cSCO
=952  \\$00$10$40$70$8SCO$98884$aORPH$bORPH$cKTS1_P$d2021-01-12$l0$p20121826$r2021-01-12 00:00:00$w2021-01-12$ySCO$OW.1312/2
=999  \\$c8893$d8893

