=LDR  01474aam a2200301   4500
=001  8904
=005  20251031104359.0
=008  251030s1979\\\\|||ao|||\||||\00|\0\eng\d
=020  \\$a0376051728
=041  \\$aeng
=100  \\$aKrell, D.$912178$4aut
=245  \\$aThe California Missions:$bA Complete Pictorial History and Visitor's Guide
=260  \\$c1979$aMenlo Park, CA$bLane
=300  \\$a319 pages
=500  \\$aNumerous photographs complement a history of California's twenty-one Spanish missions, historic relics of the industrious colonists.
=648  \0$a18th Century (1701-1800)$1http://www.wikidata.org/entity/Q7015$920899
=648  \0$a19th Century (1801-1900)$1http://www.wikidata.org/entity/Q6955$920935
=650  \0$aHistory$1http://www.wikidata.org/entity/Q309$921403
=650  \0$aColonialism$1http://www.wikidata.org/entity/Q7167$925026
=650  \0$aCatholicism$1http://www.wikidata.org/entity/Q1841$921631
=650  \0$aChurch$1http://www.wikidata.org/entity/Q16970$93776
=650  \0$aArchitecture$1http://www.wikidata.org/entity/Q12271$93185
=650  \0$aFine art$1http://www.wikidata.org/entity/Q219625$921579
=651  \0$aCalifornia (USA)$1http://www.wikidata.org/entity/Q99$941037
=651  \0$aSpain$1http://www.wikidata.org/entity/Q29$920983
=942  \\$cBOO
=952  \\$00$10$2ddc$40$6TOP_US_CAL$70$8TOP$98895$aORPH$bORPH$cKTS0$d2021-01-12$eKoopman$i18C13$l0$oTOP US.CAL$p20124995$r2021-01-12 00:00:00$w2021-01-12$yBOO$OKoopman
=999  \\$d8904

