=LDR  01852cam a2200277 i 4500
=001  8919
=008  790518s1978\\\\\\\g\\\\\b\\\\101\0\ger\|
=041  \\$ager
=245  00$aStudien zur Bonner Musikgeschichte des 18. und 19. Jahrhunderts
=260  \\$aCologne$bArno Volk$c1978
=300  \\$a87 pages
=490  \\$aBeiträge zur rheinischen Musikgeschichte$v116
=504  \\$aIncludes bibliographical references and index.
=505  \\$gSiegfried Kross/Die Schumann-Autographen der Universitätsbibliothek Bonn -- Hubert Unverricht/Beziehungen zwischen der Bonner und der Mainzer Hofkapelle zur Amtszeit Righinis -- Sieghard Brandenburg/Die Gründungsjahre der Verlags N. Simrock in Bonn -- Marianne Böcker/Johanna Kinkels schriftstellelische und musikpädagogische Tätigkeit -- Hans-Josef Irmen/Franz Liszt in Bonn oder Wie die erste Beethovenhalle entstand -- Gerhard Heldt/Joseph Joachims Beiträge zu den Bonner Beethovenfesten -- Rold Fritsch/Zur Entwicklung des Bonner Konzertwesen
=648  \0$a19th Century (1801-1900)$1http://www.wikidata.org/entity/Q6955$920935
=648  \0$a18th Century (1701-1800)$1http://www.wikidata.org/entity/Q7015$920899
=650  \0$aMusic history$1http://www.wikidata.org/entity/Q846047$921373
=651  \0$aBonn (Germany)$1http://www.wikidata.org/entity/Q586$9112
=651  \0$aBonn (Germany)$1http://www.wikidata.org/entity/Q586$9112
=700  \\$aBröcker, Marianne$912196$4edt
=700  \\$aMassenkeil, Günther$d1926-2014$912197$4edt
=710  \\$aArbeitsgemeinschaft für Rheinische Musikgeschichte$91429$4edt
=710  \\$aArbeitsgemeinschaft für Mittelrheinische Musikgeschichte$91430
=942  \\$cBOO
=952  \\$00$10$2ddc$40$6TOP_DE_BON_5_000000000000000$70$8TOP$98910$aORPH$bORPH$cKTS0$d2021-01-12$eKoopman$i44A12$l0$oTOP DE.BON 5$p20126734$r2021-01-12 00:00:00$w2021-01-12$yBOO$OKoopman
=999  \\$d8919

