=LDR  00313    a2200097   4500
=001  8924
=100  \\$aKruizinga, J.H.$912202
=245  \\$aDe Westelijke eilanden van Amsterdam
=942  \\$cBOO
=952  \\$00$10$40$70$98915$aORPH$bORPH$cLOC_UNK$d2021-01-12$l0$p20127649$r2021-01-12 00:00:00$w2021-01-12$yTYPE_UNK$OKoopman
=999  \\$c8924$d8924

