=LDR  02841    a2200313   4500
=001  8930
=020  \\$a3761813430
=100  \\$aKrummacher, Friedhelm$1http://www.wikidata.org/entity/Q120886$911915$4aut
=245  \\$aMusik im Norden
=260  \\$c1996$aKassel$bBärenreiter
=300  \\$avii-246 pages
=500  \\$aAn anthology that brings together the most important essays by the Kiel musicologist Krummacher, whose work particularly focused on the music of Northern Germany and Scandinavia. Edition of 13 articles on the occasion of his 60th birthday:
·Stylus versus Opus. Anmerkungen zum Stilbegriff in der Musikhistorie
·Individualität und Tradition in der Danziger Figuralmusik vor 1700
·Die geistliche Aria in Norddeutschland und Skandinavien. Ein gattungsgeschichtlicher Versuch
·Intimität und Exzentrik. Buxtehudes Choralbearbeitungen für Orgel
·Thesen zum "Nationalen" in der Musikgeschichte
·Nationalmusik als ästhetisches Problem. Über die Streichquartette von Franz Berwald
·Niels W. Gade und die skandinavische Musik der Romantik
·Gattung und Werk. Zu Streichquartetten von Gade und Berwald
·Volks- und Kunstmusik um die Jahrtausendwende. Zu Streichquartetten von Wilhelm Stenhammar
·Nationaler Ton und Gattungstradition. Über Streichquartette von Nielsen und Stenhammar
·Mozart in skandinavischer Sicht: Carl Nielsen als Vermittler
·Intimität und Expansion. Das Streichquartett Op. 56 von Sibelius im Verhältnis zur Gattungstradition
·Rezeptionsgeschichte in der Musikwissenschaft: Möglichkeit und Grenzen im Rückblick
=600  \0$aGade, Niels$d1817-1890$1http://www.wikidata.org/entity/Q154632$96496
=600  \0$aBuxtehude, Dietrich$d1637-1707$1http://www.wikidata.org/entity/Q153637$910062
=600  \0$aBerwald, Franz$d1796-1868$1http://www.wikidata.org/entity/Q217044$99567
=600  \0$aStenhammar, Wilhelm$d1871-1927$1http://www.wikidata.org/entity/Q435688$939598
=600  \0$aNielsen, Carl$d1865-1931$1http://www.wikidata.org/entity/Q205139$939599
=600  \0$aSibelius, Jean$1http://www.wikidata.org/entity/Q45682$915749
=650  \0$aMusic history$1http://www.wikidata.org/entity/Q846047$921373
=650  \0$aMusicology$1http://www.wikidata.org/entity/Q164204$93925
=651  \0$aGermany$1http://www.wikidata.org/entity/Q183$9155
=651  \0$aScandinavia$1http://www.wikidata.org/entity/Q21195$922682
=700  \\$aOechsle, Siegfried$1http://www.wikidata.org/entity/Q23060630$4edt$911917
=700  \\$aSchwab, Heinrich W.$d1938-2025$4edt$913713
=700  \\$aSponheuer, Bernd$1http://www.wikidata.org/entity/Q23060628$4edt$911916
=700  \\$aWell, Helmut$4edt$911918
=942  \\$cBOO
=952  \\$00$10$2ddc$40$6TOP_DE_0_000000000000000$70$8TOP$98921$aORPH$bORPH$cKTS0$d2021-01-12$eKoopman$i42D14$l0$oTOP DE 0$p20122053$r2021-01-12 00:00:00$w2021-01-12$yBOO$OKoopman
=999  \\$d8930

