=LDR  00995cam a22002291i 4500
=001  8932
=005  20250120120215.0
=008  750626s1974\\\\njuah\\\\b\\\\001\0\eng\\
=020  \\$a0913574252
=040  \\$aOI
=100  \\$aKrummel, Donald William$d-1929$4aut$1http://www.wikidata.org/entity/Q55987942$912211
=245  10$aGuide for dating early published music :$ba manual of bibliographical practices
=260  \\$aHackensack, NJ$aKassel$bBoonin$bBärenreiter$c1974.
=300  \\$a267 pages$bill., facsims.$c27 cm
=504  \\$aIncludes bibliographies and index.
=650  \0$aMusic printing$1http://www.wikidata.org/entity/Q64416036$94007
=650  \0$aMusic$92062
=650  \0$aPrinting$1http://www.wikidata.org/entity/Q11034$921936
=710  \\$aInternational Association of Music Libraries$91568
=942  \\$cBOO
=952  \\$00$10$2ddc$40$6BIB_3_000000000000000_KRUM$70$8BIB$98923$aORPH$bORPH$cKTS0$d2021-01-12$l0$oBIB3 KRUM$p20129975$r2021-01-12 00:00:00$w2021-01-12$yBOO$OThwaites
=999  \\$d8932

