=LDR  01483aam a2200277   4500
=001  8938
=008  250218s2012\\\\|||g||||\mb||\00|\0\eng\d
=041  \\$aeng
=100  \\$aKuester, Martin$d1975-$912216
=245  \\$aThinking in Song.$bProsody, Text-Setting and Music Theory in Eigteenth-Century Germany
=260  \\$c2012$aCornell University$bMartin Kuester
=300  \\$avi-217 pages
=590  \\$aA dissertation to the faculty of the Graduate School of Cornell University in Partial Fulfillment of the Requirements for the Degree of Doctor in Philosophy, january 2012
=648  \0$a18th Century (1701-1800)$1http://www.wikidata.org/entity/Q7015$920899
=650  \0$aMusic theory$1http://www.wikidata.org/entity/Q193544$92662
=650  \0$aVocal music$1http://www.wikidata.org/entity/Q685884$93319
=650  \0$aDeclamation$1http://www.wikidata.org/entity/Q5249313$922018
=650  \0$aSong$1http://www.wikidata.org/entity/Q7366$94164
=650  \0$aRhythm$1http://www.wikidata.org/entity/Q170406$92724
=650  \0$aMeter$1http://www.wikidata.org/entity/Q630649$924074
=650  \0$aAria$1http://www.wikidata.org/entity/Q178122$921592
=650  \0$aLiterature$1http://www.wikidata.org/entity/Q8242$94439
=651  \0$aGermany$1http://www.wikidata.org/entity/Q183$9155
=942  \\$cDIS
=952  \\$00$10$2ddc$40$6TOP_DE_5_000000000000000$70$8TOP$98929$aORPH$bORPH$cKTS0$d2021-01-12$eKoopman$i43C21$l0$oTOP DE 5$p20127187$r2021-01-12 00:00:00$w2021-01-12$yDIS$OKoopman
=999  \\$d8938

