=LDR  00431acm a2200133   4500
=001  8940
=008  250616s1958\\\\||||||||\||||\00|\0\\\\\d
=041  \\$ager
=100  \\$aKuhnau, Johann$d1660-1722$4cmp$1http://www.wikidata.org/entity/Q157359$95086
=245  \\$aKlavierwerke
=260  \\$c1958
=942  \\$cSCO
=952  \\$00$10$40$70$8SCO$98931$aORPH$bORPH$cKTS1_P$d2021-01-12$l0$p20121551$r2021-01-12 00:00:00$w2021-01-12$ySCO$OW.0013-4
=999  \\$d8940

