=LDR  00361    a2200121   4500
=001  8944
=020  \\$a9012001404
=100  \\$aKuile, E. H. ter$912222
=245  \\$aDe Nederlandse monumenten van gesch
=260  \\$c1974
=942  \\$cBOO
=952  \\$00$10$40$70$98935$aORPH$bORPH$cLOC_UNK$d2021-01-12$l0$p20125630$r2021-01-12 00:00:00$w2021-01-12$yTYPE_UNK$OKoopman
=999  \\$c8944$d8944

