=LDR  00784aam a2200205   4500
=001  8945
=005  20250925143258.0
=008  230510s1947\\\\||||||||\||||\00|\0\dut\d
=041  \\$adut
=100  \\$aKuile, G. J. ter$912223$4aut
=245  \\$aDe opkomst van Almelo en omgeving
=260  \\$c1947$aAlmelo$bTijl
=300  \\$a240 pages
=490  \\$aOverijsselse studiën$v1
=648  \0$1http://www.wikidata.org/entity/Q6927$a20th Century (1901-2000)$920936
=650  \0$1http://www.wikidata.org/entity/Q309$aHistory$921403
=651  \0$1http://www.wikidata.org/entity/Q988$aAlmelo (Netherlands)$925182
=942  \\$cBOO
=952  \\$00$10$2ddc$40$6TOP_NL_ALM$70$8TOP$98936$aORPH$bORPH$cKTS0$d2021-01-12$eKoopman$l0$oTOP NL.ALM$p20122406$r2021-01-12 00:00:00$w2021-01-12$yBOO$OKoopman
=999  \\$d8945

