=LDR  00881cam a2200217 a 4500
=001  8946
=005  20250109133434.0
=008  860805m19009999ne\a\\\\\cb\\f000\0\eng\\
=020  \\$a9012051223 (pbk. : v. 6)
=040  \\$aOI
=100  \\$4aut$aKuile, Onno ter$d-1929$912224
=245  10$aCatalogue of Paintings by Artists Born Before 1870
=260  \\$aThe Hague$bStaatsuitgeverij$aAmsterdam$bMeulenhoff/Landshoff$c1985
=300  \\$av. <6   > :$billustrations (some color)$c27 cm
=504  \\$aBibliography: v. 6, p. 215-222.
=505  1\$a    -- v. 6. Seventeenth-century north Netherlandish still lifes / Onno ter Kuile.
=650  \0$aFine art$1http://www.wikidata.org/entity/Q219625$921579
=700  \\$aKeenig, Ruth$4trl$924314
=942  \\$cBOO
=952  \\$00$10$40$70$98937$aORPH$bORPH$cLOC_UNK$d2021-01-12$l0$p20128042$r2021-01-12 00:00:00$w2021-01-12$yTYPE_UNK$OKoopman
=999  \\$d8946

