=LDR  00728nam a2200217 a 4500
=001  8963
=005  20250120120040.0
=008  860723s1986\\\\ne\a\\\\\b\\\\000\0\dut\\
=020  \\$a906011468X :$cfl 24.00
=040  \\$aOI
=100  \\$aLaansma, S.$912244
=245  10$aMuziektenten in Gelderland /$cS. Laansma en T. Brouwer.
=260  \\$aZutphen :$bWalburg Pers,$cc1986.
=300  \\$a120 p. :$bill. ;$c25 cm.
=504  \\$aBibliography: p.
=650  \0$aPavilions$93222
=700  \\$aBrouwer, Teun$99929
=942  \\$cBOO
=952  \\$00$10$40$70$98954$aORPH$bORPH$cLOC_UNK$d2021-01-12$l0$p20125432$r2021-01-12 00:00:00$w2021-01-12$yTYPE_UNK$OKoopman
=999  \\$c8963$d8963
=651  \0$aNetherlands$1http://www.wikidata.org/entity/Q55$9173

