=LDR  01179cam a2200289 a 4500
=001  8965
=005  20250120120033.0
=008  020802s2002\\\\ne\a\\\\\b\\\\001\0\dut\d
=010  \\$a  2002543511
=020  \\$a906550186X
=035  \\$a(OCoLC)ocm50735985
=040  \\$aZCU$cZCU$dDLC
=042  \\$alccopycat
=043  \\$ae-ne---
=100  \\$aLaarmann, Frauke K.$912246
=245  10$aFamilies in beeld :$bde ontwikkeling van het Noord-Nederlandse familieportret in de eerste helft van de zeventiende eeuw /$cFrauke K. Laarmann.
=260  \\$aHilversum :$bVerloren,$c2002.
=300  \\$a103 p. :$bill. ;$c20 cm.
=504  \\$aIncludes bibliographical references (p. 95-103) and index.
=650  \0$aFine art$1http://www.wikidata.org/entity/Q219625$921579
=650  \0$aPortrait$1http://www.wikidata.org/entity/Q134307$92622
=942  \\$cBOO
=952  \\$00$10$40$70$98956$aORPH$bORPH$cLOC_UNK$d2021-01-12$l0$p20121067$r2021-01-12 00:00:00$w2021-01-12$yTYPE_UNK$OKoopman
=999  \\$c8965$d8965
=490  \\$aZeven Provinciën reeks ;
=648  \0$a17th Century (1601-1700)$1http://www.wikidata.org/entity/Q7016$920923
=651  \0$aNetherlands$1http://www.wikidata.org/entity/Q55$9173

