=LDR  01210cam a22002534a 4500
=001  8967
=008  061017s2006\\\\fr\ab\\\\b\\\\001\0\fre\\
=020  \\$a9782879015781
=041  \\$afre
=100  \\$aLacoste, Jacques$d1938-2024$1http://www.wikidata.org/entity/Q33111431$912248
=245  14$aLes maîtres de la sculpture romane dans l'Espagne du pèlerinage à Compostelle
=260  \\$aBordeaux$bSud Ouest$c2006
=300  \\$a359 pages
=504  \\$aIncludes bibliographical references (p. 356) and index.
=648  \0$aMiddle Ages (500-1400)$1http://www.wikidata.org/entity/Q12554$920964
=650  \0$aArchitecture$1http://www.wikidata.org/entity/Q12271$93185
=650  \0$aChurch$1http://www.wikidata.org/entity/Q16970$93776
=650  \0$aFine art$1http://www.wikidata.org/entity/Q219625$921579
=650  \0$aReligion$1http://www.wikidata.org/entity/Q9174$93062
=650  \0$aPilgrimage$1http://www.wikidata.org/entity/Q1644573$924755
=651  \0$aSpain$1http://www.wikidata.org/entity/Q29$920983
=942  \\$cBOO
=952  \\$00$10$2ddc$40$6TOP_ES_3_000000000000000$70$8TOP$98958$aORPH$bORPH$cKTS0$d2021-01-12$eKoopman$i47A17$l0$oTOP ES 3$p20123765$r2021-01-12 00:00:00$w2021-01-12$yBOO$OKoopman
=999  \\$d8967

