=LDR  01196nam a2200265 a 4500
=001  8976
=005  20250120115908.0
=008  980515s1997\\\\ne\am\\\\\\\\\000\0\dut\d
=010  \\$a   98151268 
=020  \\$a9026314582
=035  \\$a(OCoLC)38424654
=035  \\$a(CStRLIN)NYPGR38424654-B
=040  \\$aNN$cNN$dCStRLIN$dDLC
=042  \\$alccopycat
=043  \\$ae-ne---
=100  \\$aLambalgen, Bente-Helene van$912253
=245  10$aLekker gespeeld :$bhet menselijke en muzikale gezicht van een temperamentvol orkest : kroniek Radio Filharmonisch Orkest 1945-1997 /$cBente-Helene van Lambalgen & redactie bijlagen, Rob Overman.
=260  \\$aAmsterdam :$bAmbo,$c[1997?]
=300  \\$a227 p. :$bill. ;$c25 cm. +$e1 sound disc (digital ; 4 3/4 in.)
=590  \\$aAccompanying sound recording shelved in the Recorded Sound Section of the Motion Picture, Broadcasting, and Recorded Sound Division.
=610  \0$aRadio Kamer Orkest (Hilversum, Netherlands)$1http://www.wikidata.org/entity/Q2338510$91436
=700  \\$aOverman, Rob$912254
=942  \\$cBOO
=952  \\$00$10$40$70$98967$aORPH$bORPH$cLOC_UNK$d2021-01-12$l0$p20125448$r2021-01-12 00:00:00$w2021-01-12$yTYPE_UNK$OKoopman
=999  \\$c8976$d8976

