=LDR  00320    a2200109   4500
=001  8979
=100  \\$aLambooy, T. P. A.$912257
=245  \\$aLeeuwarden musiceert
=260  \\$c1974
=942  \\$cBOO
=952  \\$00$10$40$70$98970$aORPH$bORPH$cLOC_UNK$d2021-01-12$l0$p20122393$r2021-01-12 00:00:00$w2021-01-12$yTYPE_UNK$OKoopman
=999  \\$c8979$d8979

