=LDR  01202ccm a2200277 a 4500
=001  8991
=005  20250120120040.0
=008  001102s1999\\\\wiuopa\\\dehi\\n\\\\ita\d
=020  \\$a0895794446
=040  \\$aSNN$cSNN$dOCL$dDLC
=041  0\$aita$hita$geng
=100  \\$aLandi, Stefano$d1586/87-1639$4cmp$4lbt$1http://www.wikidata.org/entity/Q381943$912265
=245  13$aLa morte d'Orfeo.$bTragicommedia pastorale
=260  \\$aMadison, WI$bA-R Editions$c1999
=300  \\$axxxviii-133 pages$b4 facsims.$c31 cm
=490  1\$aRecent Researches in the Music of the Baroque Era$v98
=504  \\$aIncludes bibliographic references.
=546  \\$aItalian words; also printed, with English translation, on p. xvii-xxxviii.
=600  \0$aOrpheus$1http://www.wikidata.org/entity/$911156
=648  \0$a17th Century (1601-1700)$1http://www.wikidata.org/entity/Q7016$920923
=650  \0$aOpera$1http://www.wikidata.org/entity/Q1344$92468
=651  \0$aRome (Italy)$1http://www.wikidata.org/entity/Q220$949
=700  \\$aHerzog, Silvia$4edt$912266
=942  \\$cSCO
=952  \\$00$10$40$70$8SCO$98982$aORPH$bORPH$cKTS1_P$d2021-01-12$l1$p20124317$r2021-10-26 00:00:00$s2021-10-20$w2021-01-12$ySCO$OW.1708
=999  \\$d8991

