=LDR  00330    a2200109   4500
=001  8994
=100  \\$aLandré, W.$4cmp$912268
=245  \\$aRequiem in memoriam uxoris (1930)
=260  \\$c1934
=942  \\$cSCO
=952  \\$00$10$40$70$8SCO$98985$aORPH$bORPH$cKTS1_P$d2021-01-12$l0$p20121908$r2021-01-12 00:00:00$w2021-01-12$ySCO$OW.2434
=999  \\$c8994$d8994

