=LDR  00985aam a2200241   4500
=001  9001
=008  231207s1988\\\\|||a||||\||||\00|\0\eng\d
=020  \\$a9061941776
=020  \\$a9789061941774
=041  \\$aeng
=100  \\$aLandwehr, John$4aut$912271
=245  \\$aEmblem and Fable books printed in the Low Countries, 1542-1813$bA Bibliography
=260  \\$c1988$aUtrecht$bHES
=300  \\$a444 pages
=500  \\$aWith 10 portraits
=650  \0$aBook$1http://www.wikidata.org/entity/Q571$92285
=650  \0$aBibliography$1http://www.wikidata.org/entity/Q134995$93965
=650  \0$aEmblem$1http://www.wikidata.org/entity/Q112110$93250
=650  \0$aCultural history$1http://www.wikidata.org/entity/Q858517$922395
=651  \0$aNetherlands$1http://www.wikidata.org/entity/Q55$9173
=942  \\$cBOO
=952  \\$00$10$2ddc$40$6BIB_2_000000000000000_LAND$70$8BIB$98992$aORPH$bORPH$cKTS0$d2021-01-12$eKoopman$l0$oBIB2 LAND$p20120202$r2021-01-12 00:00:00$w2021-01-12$yBOO$OKoopman
=999  \\$d9001

