=LDR  01405cam a22002531  4500
=001  9004
=008  750814s1974\\\\dk\aefc\\\\\\\000\0ddan\|
=041  \\$adan
=100  \\$aLangberg, Harald$d1919-2003$1http://www.wikidata.org/entity/Q12315659$912274$4aut
=245  10$aKongens teater.$bKomediehuset på Kongens Nytorv 1748-1774
=246  \1$aThe King's Theatre.$bThe comedy house on The King's New Square 1748-1774
=260  \\$aCopenhagen$bHarald Langberg & Gyldendals boghandel$c1974
=300  \\$a102-[10] pages
=590  \\$aUdgivet gennem "Wesselstuerne" i samarbejde med Forening for Boghåndværk, Selskabet for Dansk Teaterhistorie og Foreningen til Gamle Bygningers Bearing.
=610  \0$aKongelige Teater (Denmark)$91437
=648  \0$a18th Century (1701-1800)$1http://www.wikidata.org/entity/Q7015$920899
=650  \0$aTheater history$1http://www.wikidata.org/entity/Q1061140$94607
=650  \0$aOpera$1http://www.wikidata.org/entity/Q1344 $92468
=650  \0$aArchitecture$1http://www.wikidata.org/entity/Q12271$93185
=650  \0$aTheater$1http://www.wikidata.org/entity/Q24354$92225
=651  \0$aCopenhagen (Denmark)$1http://www.wikidata.org/entity/Q1748$923068
=942  \\$cBOO
=952  \\$00$10$2ddc$40$6TOP_DK_COP_5_000000000000000$70$8TOP$98995$aORPH$bORPH$cKTS0$d2021-01-12$eKoopman$i41F18$l1$oTOP DK.COP 5$p20120109$r2025-06-25 10:02:03$s2025-05-14$w2021-01-12$yBOO$OKoopman
=999  \\$d9004

