=LDR  00305    a2200109   4500
=001  9014
=100  \\$aLangley, H.$912285
=245  \\$aDoctor Arne
=260  \\$c1938
=942  \\$cBOO
=952  \\$00$10$40$70$99005$aORPH$bORPH$cLOC_UNK$d2021-01-12$l0$p20122919$r2021-01-12 00:00:00$w2021-01-12$yTYPE_UNK$OKoopman
=999  \\$c9014$d9014

