=LDR  01538cam a2200289 a 4500
=001  9017
=005  20250120120126.0
=008  831005s1983\\\\ne\a\\\\\bc\\\001\0bdut\\
=020  \\$a9030210109 :$cfl 52.00
=040  \\$aOI
=100  \\$aLankhorst, Otto$912287
=245  10$aReinier Leers, 1654-1714, uitgever & boekverkoper te Rotterdam :$been Europees "libraire" en zijn fonds /$cOtto S. Lankhorst.
=260  \\$aAmsterdam :$bAPA-Holland Universiteits Pers,$c1983.
=300  \\$axiv, 299 p. :$bill. ;$c23 cm.
=490  1\$aStudies van het Instituut voor Intellectuele Betrekkingen tussen de Westeuropese Landen in de Zeventiende Eeuw ;$v10 =$aEtudes de l'Institut de recherches des relations intellectuelles entre les pays de l'Europe occidentale au XVIIe siècle ;$v10
=502  \\$aThesis--Nijmegen, 1983.
=504  \\$aBibliography: p. [273]-290.
=600  \0$aLeers, Reinier$d1654-1714$1http://www.wikidata.org/entity/Q25050673$912288
=648  \0$a17th Century (1601-1700)$1http://www.wikidata.org/entity/Q7016$920923
=650  \0$aBook$1http://www.wikidata.org/entity/Q571$92285
=650  \0$aPublishing$1http://www.wikidata.org/entity/Q3972943$93049
=650  \0$aTranslation$1http://www.wikidata.org/entity/Q7553$92492
=650  \0$aBiography$1http://www.wikidata.org/entity/Q36279$91927
=651  \0$aRotterdam (Netherlands)$1http://www.wikidata.org/entity/Q34370$962
=942  \\$cBOO
=952  \\$00$10$40$70$99008$aORPH$bORPH$cLOC_UNK$d2021-01-12$l0$p20120185$r2021-01-12 00:00:00$w2021-01-12$yTYPE_UNK$OKoopman
=999  \\$d9017

