=LDR  00389    a2200109   4500
=001  9026
=100  \\$aLassus, Orlandus$d1530/32-1594$4cmp$1http://www.wikidata.org/entity/Q154792$96856
=245  \\$aLateinische Motetten, französisch
=260  \\$c1956
=942  \\$cSCO
=952  \\$00$10$40$70$8SCO$99017$aORPH$bORPH$cKTS1_P$d2021-01-12$l0$p20124228$r2021-01-12 00:00:00$w2021-01-12$ySCO$OW.2354
=999  \\$c9026$d9026

