=LDR  01045    a2200229   4500
=001  9033
=008  210812s1993\\\\||||||||\||||\00|\0\fre\d
=020  \\$a2252029218
=041  \\$afre
=100  \\$aLaunay, Denise$4aut$912301
=245  \\$aLa musique religieuse en France du Concile de Trente à 1804
=260  \\$c1993$aParis$bSociété française de musicologie$bKlincksieck
=300  \\$a583 pages
=648  \0$a16th Century (1501-1600)$1http://www.wikidata.org/entity/Q7017$920944
=648  \0$a17th Century (1601-1700)$1http://www.wikidata.org/entity/Q7016$920923
=648  \0$a18th Century (1701-1800)$1http://www.wikidata.org/entity/Q7015$920899
=650  \0$aMusic history$1http://www.wikidata.org/entity/Q846047$921373
=650  \0$aChurch music$1http://www.wikidata.org/entity/Q8812109$92283
=651  \0$aFrance$1http://www.wikidata.org/entity/Q142$9131
=942  \\$cBOO
=952  \\$00$10$40$6TOP_FR_0_000000000000000$70$8TOP$99024$aORPH$bORPH$cKTS0$d2021-01-12$oTOP FR 0$p20128385$r2021-01-12 00:00:00$w2021-01-12$yBOO$OKoopman
=999  \\$d9033

