=LDR  01069ccm a2200253 a 4500
=001  9042
=005  20250821130544.0
=008  920820s1991\\\\enksua\\\bhi\\\n\\\\\\\\\
=020  \\$a0852498101
=040  \\$aOI
=041  0\$geng
=100  \\$aLawes, William$d1602-1645$4cmp$1http://www.wikidata.org/entity/Q540025$912310
=245  10$aFantasia-suites /$cWilliam Lawes ; transcribed and edited by David Pinto.
=260  \\$aLondon :$bStainer and Bell,$c1991.
=300  \\$a1 score (xxxi, 127 p.) :$b4 facsims, port. ;$c33 cm.
=504  \\$aIncludes bibliographical references.
=505  0\$aFantasia-suites for violin, bass viol & organ -- Fantasia-suites for two violins, bass viol & organ.
=650  \0$aOrgan music$1http://www.wikidata.org/entity/Q2003283$91951
=650  \0$aOrgan music$1http://www.wikidata.org/entity/Q2003283$91951
=700  \\$aPinto, David$912311
=942  \\$cSCO
=952  \\$00$10$40$70$8SCO$99033$aORPH$bORPH$cKTS1_P$d2021-01-12$l0$p20121631$r2021-01-12 00:00:00$w2021-01-12$ySCO$OW.0992-LX
=999  \\$c9042$d9042
=490  \\$aMusica Britannica,$v60

