=LDR  00375    a2200109   4500
=001  9046
=100  \\$aLe Roux, Gaspard$dc. 1660-c. 1707$4aut$1http://www.wikidata.org/entity/Q320376$96863
=245  \\$aPieces de clavessin
=260  \\$c1995
=942  \\$cBOO
=952  \\$00$10$40$70$99037$aORPH$bORPH$cLOC_UNK$d2021-01-12$l0$p20130007$r2021-01-12 00:00:00$w2021-01-12$yBOO$OThwaites
=999  \\$c9046$d9046

