=LDR  00588    a2200181   4500
=001  9062
=003  OSt
=005  20250120120042.0
=008  210209b\\\\\\\\\\\|||||\||||\00|\0\eng\d
=040  \\$cST
=041  \\$adut
=100  \\$aLeeuw, Gerardus van der$d1890-1950$4aut$912329
=245  \\$aBeknopte geschiedenis van het kerklied
=260  \\$c1939$aGroningen$bJ. B. Wolters
=300  \\$a287 pages
=942  \\$cBOO$2ddc
=952  \\$00$10$2ddc$40$6GEN_2_000000000000000$70$8GEN$99053$aORPH$bORPH$cKM12_1$d2021-01-12$eKoopman$l0$oGEN 2$p20126715$r2021-01-12 00:00:00$w2021-01-12$yBOO
=999  \\$c9062$d9062

