=LDR  00350    a2200121   4500
=001  9092
=020  \\$a9073259169
=100  \\$aLelij, B. van der$912363
=245  \\$aComponeren in Nederland
=260  \\$c1996
=942  \\$cBOO
=952  \\$00$10$40$70$99083$aORPH$bORPH$cLOC_UNK$d2021-01-12$l0$p20125252$r2021-01-12 00:00:00$w2021-01-12$yTYPE_UNK$OKoopman
=999  \\$c9092$d9092

