=LDR  01171cam a2200241 a 4500
=001  9093
=005  20250120120101.0
=008  900606s1985\\\\be\af\\\\b\\\\001\0\dut\\
=041  \\$adut
=100  \\$aLemmens, Michel$4aut$912364
=245  13$aDe familie Graindorge.$bEen studie over een eeuw Luikse orgelbouw (1771-1865)
=260  \\$aBrussels$bAWLSK$c1985
=300  \\$a232 pages+36pages of plates$bill. $c26 cm
=490  \\$aVerhandelingen van de Koninklijke Academie voor Wetenschappen, Letteren en Schone Kunsten van België, Klasse der Schone Kunsten$vJaarg. 47, nr. 39
=504  \\$aBibliography: p. 207-213.
=610  \0$aGraindorge family$1http://www.wikidata.org/entity/Q104537803$922334
=650  \0$aOrgan$1http://www.wikidata.org/entity/Q1444$92810
=650  \0$aOrganology$1http://www.wikidata.org/entity/Q899293$921400
=651  \0$aNetherlands$1http://www.wikidata.org/entity/Q55$9173
=651  \0$aBelgium$1http://www.wikidata.org/entity/Q31$920881
=942  \\$cBOO
=952  \\$00$10$2ddc$40$6INS_3_000000000000000_1B_GRAI$70$8INS$99084$aORPH$bORPH$cKTS0$d2021-01-12$eKoopman$i32E15$l0$oINS3.1b GRAI$p20122853$r2021-01-12 00:00:00$w2021-01-12$yBOO
=999  \\$d9093

