=LDR  00795aam a2200181   4500
=001  9095
=008  230510s1959\\\\||||||||\||||\00|\0\dut\d
=041  \\$adut
=100  \\$aLenaerts, René Bernard$d1902-1992$4aut$1http://www.wikidata.org/entity/Q60829919$916484
=245  \\$aDe Nederlandse muziek uit de vijftiende eeuw
=260  \\$c1959$aLeuven$bSintal
=300  \\$a18 pages
=648  \0$1http://www.wikidata.org/entity/Q7018$a15th Century (1401-1500)$921015
=650  \0$1http://www.wikidata.org/entity/Q846047$aMusic history$921373
=651  \0$1http://www.wikidata.org/entity/Q55$aNetherlands$9173
=942  \\$cBOO
=952  \\$00$10$2ddc$40$6TOP_NL_4_000000000000000$70$8TOP$99086$aORPH$bORPH$cKTS0$d2021-01-12$eKoopman$l0$oTOP NL 4$p20123633$r2021-01-12 00:00:00$w2021-01-12$yBOO$OKoopman
=999  \\$d9095

