=LDR  01476cam a2200289 a 4500
=001  9100
=005  20250219165457.0
=008  810617s1980\\\\gw\\\\\\\bc\\\000\0\ger\\
=020  \\$a3884210025
=040  \\$aOI
=041  \\$ager
=100  \\$aLenz, Rudolf$912372$4aut
=245  10$aKatalog der Leichenpredigten und sonstigen Trauerschriften in der Universitätsbibliothek Marburg:$pKatalogteil & Registerteil
=260  \\$aMarburg/Lahn$bSchwarz$c1980
=300  \\$a2 vols. (559+400 pages)$c21 cm.
=490  \\$aMarburger Personalschriften-Forschungen$v2
=505  0\$a1. Katalogteil -- 2. Registerteil.
=610  \0$aPhilipps-Universität Marburg (Germany)$1http://www.wikidata.org/entity/Q155354$91445
=650  \0$aFuneral$1http://www.wikidata.org/entity/Q201676$93261
=650  \0$aSermon$1http://www.wikidata.org/entity/Q60797$921869
=650  \0$aDeath$1http://www.wikidata.org/entity/Q4$94425
=651  \0$aGermany$1http://www.wikidata.org/entity/Q183$9155
=651  \0$aHesse (Germany)$1http://www.wikidata.org/entity/Q1199$922806
=942  \\$cBOO
=952  \\$00$10$2ddc$3Katalogteil$40$6BIB_4_000000000000000_DE_MAR2$70$8BIB$99091$aORPH$bORPH$cKTS0$d2021-01-12$eKoopman$i24F26-1$l0$oBIB4 DE.MAR2$p20125860$r2021-01-12 00:00:00$w2021-01-12$yBOO$OKoopman
=952  \\$00$10$2ddc$3Registerteil$40$6BIB_4_000000000000000_DE_MAR2$70$8BIB$925533$aORPH$bORPH$cKTS0$d2021-01-12$eKoopman$i24F26-2$l0$oBIB4 DE.MAR2$p20125859$r2025-02-19 16:47:00$w2021-01-12$yBOO
=999  \\$d9100

