=LDR  00706cam a2200193 a 4500
=001  9114
=005  20250120120043.0
=008  991202s1988\\\\orugh\\\\b\\\\000\0\eng\d
=020  \\$a0931340209
=041  \\$aeng
=100  \\$aLeppard, Raymond$4aut$912380
=245  10$aAuthenticity in Music
=260  \\$aPortland, OR$bAmadeus$c1988
=300  \\$a80 pages
=650  \0$aHistorically informed performance$1http://www.wikidata.org/entity/Q1344860$920980
=650  \0$aMusic criticism$1http://www.wikidata.org/entity/Q11748889$921598
=942  \\$cBOO
=952  \\$00$10$2ddc$40$6TRE_LEPP$70$8TRE$99105$aORPH$bORPH$cKTS1_H$d2021-01-12$eKoopman$i30F21$l0$oTRE LEPP$p20123309$r2021-01-12 00:00:00$w2021-01-12$yBOO
=999  \\$d9114

