=LDR  00622aam a2200169   4500
=001  9124
=008  220922s1968\\\\|||a||||\||||\00|\0\eng\d
=020  \\$a0856900303
=041  \\$aeng
=100  \\$aLesberg, S.$4aut$912386
=245  \\$a18th Century Art
=260  \\$aGeneva$bEdito$c1968
=648  \0$a18th Century (1701-1800)$1http://www.wikidata.org/entity/Q7015$920899
=650  \0$aFine art$1http://www.wikidata.org/entity/Q219625$921579
=942  \\$cBOO
=952  \\$00$10$2ddc$40$6VIS_LESB$70$8VIS$99115$aORPH$bORPH$cKTS1_H$d2021-01-12$eKoopman$i31C23$l0$oVIS LESB$p20123247$r2021-01-12 00:00:00$w2021-01-12$yBOO$OKoopman
=999  \\$d9124

