=LDR  01121cam a2200253 a 4500
=001  9131
=005  20250120120152.0
=008  981118s1998\\\\ne\ah\\\\\\\\\000\0\engsd
=010  \\$a   98138000 
=020  \\$a9068682024
=035  \\$a(OCoLC)ocm40369722
=040  \\$aOHX$cOHX$dAZS$dIUL$dDLC
=042  \\$alccopycat
=043  \\$ae-ne---
=245  00$aKeep these letters, please! :$ba written portrait of the Concertgebouw Orchestra 1904-1921 /$cedited by Truus de Leur and Henriette Straub ; [translation, Ian Borthwick, Nicholas Pretzel and Peter Righton].
=260  \\$aAmsterdam :$bRoyal Concertgebouw Orchestra ;$aBussum :$bThoth,$cc1998.
=300  \\$a125 p. :$bill., facsims. ;$c31 cm.
=610  \0$aKoninklijk Concertgebouworkest (Amsterdam, Netherlands)$1http://www.wikidata.org/entity/Q827768$91650
=650  \0$aMusician$1http://www.wikidata.org/entity/Q639669$93574
=700  \\$aLeur, Truus de,$d-1936$912391
=700  \\$aStraub, Henriette$912392
=942  \\$cBOO
=952  \\$00$10$40$70$99122$aORPH$bORPH$cLOC_UNK$d2021-01-12$l0$p20128335$r2021-01-12 00:00:00$w2021-01-12$yTYPE_UNK$OKoopman
=999  \\$c9131$d9131

