=LDR  00481    a2200133   4500
=001  9133
=041  \\$afre
=100  \\$aLevaillant, D.$4aut$912394
=245  \\$aL'improvisation musicale, essai sur la puissance du jeu.
=260  \\$c1981$aParis$bJ.C. Lattès
=300  \\$a345 pages
=942  \\$cBOO$2ddc
=952  \\$00$10$2ddc$40$6MTP_2_000000000000000_LEVA$70$8MTP$99124$aORPH$bORPH$cKM12_1$d2021-01-12$eKoopman$i18D47$l0$oMTP 2 LEVA$p20125026$r2021-01-12 00:00:00$w2021-01-12$yBOO
=999  \\$c9133$d9133

