=LDR  00777    a2200193   4500
=001  9142
=008  210410s1987\\\\\\\|||||\||||\00|\0\dut\d
=020  \\$a9028205977
=041  \\$adut$hger
=100  \\$aLichtenberg, Georg Christoph$d1742-1799$4aut$912402
=245  \\$aDonderslagen op muziek: een keuze uit de kladboeken van Georg Christoph Lichtenberg
=260  \\$c1987$aAmsterdam$bG. A. van Oorschot
=300  \\$a208 pages
=700  \\$4trl$aMorriën, Adriaan$d1912-2002$921189
=700  \\$4trl$4aft$aMulder, Henk$921190
=942  \\$cBOO
=952  \\$00$10$2ddc$40$6TRE_LICH$70$8TRE$99133$aORPH$bORPH$cKTS1_H$d2021-01-12$eKoopman$i24F27$l0$oTRE LICH$p20125858$r2021-01-12 00:00:00$w2021-01-12$yBOO
=999  \\$c9142$d9142
=650  \0$aPhilosophy$1http://www.wikidata.org/entity/Q5891$92357

