=LDR  01101nam a22002537a 4500
=001  9149
=005  20250120120043.0
=008  840613s1984\\\\ne\a\\\\\b\\\\000\0\dut\\
=020  \\$a9062039359 :$cfl 40.00
=040  \\$aOI
=100  \\$aSchrader, Catharina Geertruida$d1656-1746$912407
=245  10$aC.G. Schrader's memoryboeck van de vrouwens :$bhet notitieboek van een Friese vroedvrouw, 1693-1745 /$cbewerkt en ingeleid door M.J. van Lieburg ; met een verloskundig commentaar van G.J. Kloosterman.
=250  \\$a2e druk.
=260  \\$aAmsterdam :$bRodopi,$c1984.
=300  \\$a218 p. :$bill. ;$c22 cm.
=504  \\$aIncludes bibliographies.
=700  \\$aLieburg, M. J. van.$912408
=700  \\$aKloosterman, G. J.$912409
=740  0\$aCG Schrader's memoryboeck van de vrouwens.
=740  0\$aMemoryboeck van de vrouwens.
=942  \\$cBOO
=952  \\$00$10$40$70$99139$aORPH$bORPH$cLOC_UNK$d2021-01-12$l0$p20123631$r2021-01-12 00:00:00$w2021-01-12$yTYPE_UNK$OKoopman
=999  \\$c9149$d9149
=490  \\$aNieuwe Nederlandse bijdragen tot de geschiedenis der geneeskunde en der natuurwetenschappen ;$vno. 11

