=LDR  00565    a2200157   4500
=001  9187
=008  210315b\\\\\\\\be\|||||\||||\00|\0\eng\d
=041  \\$aeng
=100  \\$aLloyd, Llewelyn Southworth$d1876-1956$4aut$920961
=245  \\$aIntervals, scales and temperaments
=260  \\$c1963$aLondon$bMacdonald & Co.
=300  \\$a246 pages
=700  \\$4edt$aBoyle, Hugh$eEditor$920962
=942  \\$cBOO
=952  \\$00$10$2ddc$40$6MTP_1_000000000000000_LLOY$70$8MTP$99177$aORPH$bORPH$cKM12_1$d2021-01-12$l0$oMTP1 LLOY$p20129986$r2021-01-12 00:00:00$w2021-01-12$yBOO
=999  \\$c9187$d9187

