=LDR  01128ccm a2200289 a 4500
=001  9188
=005  20250901113608.0
=008  990122s1998\\\\enkcga\\\bhiz\\n\\\\ger\g
=020  \\$a0946535310
=028  32$aS. & Co. 7211$bSchott
=028  32$aLCE 1$bSchott
=040  \\$aOI
=041  0\$aita$hita
=100  \\$aLocatelli, Pietro Antonio$d1695-1764$4cmp$1http://www.wikidata.org/entity/Q702722$912443
=240  10$9718$aConcerti grossi$nop. 1
=245  00$aDodici concerti grossi, opera I
=260  \\$aLondon$aNew York$bSchott$c1998
=300  \\$acvii-264 pages$billustrations, portraits$c31 cm
=490  1\$aOpera omnia$v1
=504  \\$aIncludes bibliographical references.
=648  \0$a18th Century (1701-1800)$1http://www.wikidata.org/entity/Q7015$920899
=650  \0$aConcerto$1http://www.wikidata.org/entity/Q9748$921817
=651  \0$aItaly$1http://www.wikidata.org/entity/Q38$922
=700  \\$aPavanello, Agnese$4edt$912444
=942  \\$cSCO
=952  \\$00$10$2ddc$40$6SCO_LOCA$70$8SCO$99178$aORPH$bORPH$cKTS1_P$d2021-01-12$iWG.1773-1$l0$oSCO LOCA$p20121766$r2021-01-12 00:00:00$w2021-01-12$ySCO$OW.1773-1
=999  \\$d9188

