=LDR  01875ccm a2200421 a 4500
=001  9189
=005  20211001155956.0
=008  990122s1997\\\\enkova\\\bhiz\\n\\\\\\\\d
=010  \\$a  2002538895
=020  \\$a0946535345
=024  2\$aM220118296
=028  32$aS. & Co. 7214$bSchott
=028  32$aLCE 4$bSchott
=035  \\$a(OCoLC)ocm40661981
=040  \\$aCR2$cCR2$dOCL$dIUL$dOCLCQ$dDLC
=041  0\$aengita$hita
=042  \\$alccopycat
=100  1\$aLocatelli, Pietro Antonio,$d1695-1764.
=240  10$aIntroduzioni teatrali e concerti
=245  10$aSei introduzioni teatrali e sei concerti :$bopera IV /$cPietro Antonio Locatelli ; a cura di Anna Cattoretti & Livia Pancino.
=246  3\$a6 introduzioni teatrali e sei concerti
=246  30$aIntroduzioni teatrali e sei concerti
=260  \\$aLondon ;$aNew York :$bSchott,$c1997.
=300  \\$a1 score (cliii, 291, p.) ;$c31 cm.
=490  1\$aOpera omnia / Pietro Antonio Locatelli ;$vv. 4
=500  \\$aPrincipally for string quartet and string orchestra; no. 11 for 2 violins, 2 violas, violoncello, and string orchestra; no. 12 for 4 violins, violoncello, and string orchestra.
=500  \\$aPublished in collaboration with Stichting-Fondazione Pietro Antonio Locatelli.
=500  \\$aHistorical and editorial notes in Italian with English translation; critical report in Italian.
=504  \\$aIncludes bibliographical references.
=650  \0$aOvertures (String quartet with string orchestra)$vScores.
=650  \0$aConcerti grossi$vScores.
=700  1\$aCattoretti, Anna.
=700  1\$aPancino, Livia.
=710  2\$aStichting Pietro Antonio Locatelli.
=800  1\$aLocatelli, Pietro Antonio,$d1695-1764.$tWorks.$f1994 ;$vv. 4.
=952  \\$00$10$40$70$8SCO$99179$aORPH$bORPH$cKTS1_P$d2021-01-12$l0$p20121765$r2021-01-12 00:00:00$w2021-01-12$ySCO$OW.1773-4
=999  \\$c9189$d9189
=942  \\$cSCO

