=LDR  01450ccm a2200361 a 4500
=001  9190
=005  20250901113608.0
=008  970801s1996\\\\enkcga\\\behiz\n\\\\\\\\d
=010  \\$a  2002538898
=035  \\$a(OCoLC)ocm37395994
=040  \\$aIND$cIND$dOCL$dOCLCQ$dDLC
=020  \\$a094653537X
=024  2\$aM220117664
=028  32$aS. & Co. 7217$bSchott
=028  32$aLCE 7$bSchott
=041  0\$gengita
=042  \\$alccopycat
=045  0\$bd1741
=048  \\$bsa02$bsb01$bsc01$aoc
=100  \\$aLocatelli, Pietro Antonio$d1695-1764$4cmp$1http://www.wikidata.org/entity/Q702722$912443
=240  10$9719$aConcertos,$mviolins (2), viola, cello, string orchestra,$nop. 7
=245  10$aSei concerti a quattro per due violini, viola e basso solo, opera VII /$cPietro Antonio Locatelli ; a cura di Giacomo Fornari.
=260  \\$aLondon ;$aNew York :$bSchott,$cc1996.
=300  \\$a1 score (lxviii, 177 p.) :$bill. ;$c31 cm.
=490  1\$aOpera omnia / Pietro Antonio Locatelli ;$vv. 7
=504  \\$aIncludes bibliographical references.
=650  \0$aConcerto$1http://www.wikidata.org/entity/Q9748$921817
=700  \\$aFornari, Giacomo$912446
=710  \\$aStichting Pietro Antonio Locatelli (Leiden, Netherlands)$91450
=800  1\$aLocatelli, Pietro Antonio$d1695-1764$912443
=942  \\$cSCO
=952  \\$00$10$40$70$8SCO$99180$aORPH$bORPH$cKTS1_P$d2021-01-12$l0$p20121764$r2021-01-12 00:00:00$w2021-01-12$ySCO$OW.1773-7
=999  \\$c9190$d9190

