=LDR  00834acm a2200193   4500
=001  9191
=005  20251027160735.0
=008  251027r19741659|||||a||\||||\00|\0\eng\d
=245  \\$aCupid and Death
=250  \\$a2nd ed.
=260  \\$c1974$aLondon$bStainer and Bell
=300  \\$axxvi-79 pages
=490  \\$aMusica Britannica: A National Collection of Music$vII
=700  \\$aLocke, Matthew$d1621-1677$1http://www.wikidata.org/entity/Q947941$4cmp$912448
=700  \\$aGibbons, Christopher$d1615-1676$1http://www.wikidata.org/entity/Q1086692$4cmp$921599
=700  \\$aDent, Edward J.$d1876-1957$1http://www.wikidata.org/entity/Q1292053$4edt$910454
=942  \\$cSCO
=952  \\$00$10$2ddc$40$6SCO_LOCK1$70$8SCO$99181$aORPH$bORPH$cKTS1_P$d2021-01-12$eKoopman$iW992$l0$oSCO LOCK1$p20121618$r2021-01-12 00:00:00$w2021-01-12$ySCO$OW.0992-II
=999  \\$d9191

