=LDR  00379    a2200109   4500
=001  9192
=100  \\$aLocke, Matthew$d1621-1677$4cmp$1http://www.wikidata.org/entity/Q947941$912448
=245  \\$aChamber Music I: Suites
=260  \\$c1975
=942  \\$cSCO
=952  \\$00$10$40$70$8SCO$99182$aORPH$bORPH$cKTS1_P$d2021-01-12$l0$p20121628$r2021-01-12 00:00:00$w2021-01-12$ySCO$OW.0992-XXXI
=999  \\$c9192$d9192

