=LDR  00404    a2200121   4500
=001  9194
=020  \\$a0852493975
=100  \\$aLocke, Matthew$d1621-1677$4cmp$1http://www.wikidata.org/entity/Q947941$912448
=245  \\$aAnthems and Motets
=260  \\$c1976
=942  \\$cSCO
=952  \\$00$10$40$70$8SCO$99184$aORPH$bORPH$cKTS1_P$d2021-01-12$l0$p20121622$r2021-01-12 00:00:00$w2021-01-12$ySCO$OW.0992-XXXVIII
=999  \\$c9194$d9194

