=LDR  01579pam a2200289 a 4500
=001  9196
=005  20251001162312.0
=008  850916s1986\\\\\\\acfg\\b\\\\001\0\eng\d
=041  \\$aeng
=100  \\$aLocke, Ralph P.$d1949-$1http://www.wikidata.org/entity/Q93881490$912449$4aut
=245  10$aMusic, musicians, and the Saint-Simonians
=260  \\$aChicago$bUniversity of Chicago Press$c1986
=300  \\$axvi-399 pages [12] pages of plates
=504  \\$aBibliography: p. 375-384.
=600  \0$a Claude Henri de Rouvroy, comte de Saint-Simon$d1760-1825$1http://www.wikidata.org/entity/Q82934$940363
=648  \0$a19th Century (1801-1900)$1http://www.wikidata.org/entity/Q6955$920935
=650  \0$aMusician$1http://www.wikidata.org/entity/Q639669$93574
=650  \0$aSaint-Simonianism$1http://www.wikidata.org/entity/Q632032$93284
=650  \0$aMusic philosophy and aesthetics$1http://www.wikidata.org/entity/Q2092865$921165
=650  \0$aMusic history$1http://www.wikidata.org/entity/Q846047$921373
=651  \0$aFrance$1http://www.wikidata.org/entity/Q142$9131
=856  \\$uhttp://www.loc.gov/catdir/enhancements/fy0609/85020915-b.html$3Contributor biographical information
=856  \\$uhttp://www.loc.gov/catdir/enhancements/fy0608/85020915-d.html$3Publisher description
=856  \\$uhttp://www.loc.gov/catdir/enhancements/fy0608/85020915-t.html$3Table of contents only
=942  \\$cBOO
=952  \\$00$10$2ddc$40$6TOP_FR_6_000000000000000$70$8TOP$99186$aORPH$bORPH$cKTS0$d2021-01-12$i19E22$l0$oTOP FR 6$p20125291$r2021-01-12 00:00:00$w2021-01-12$yBOO$OKoopman
=999  \\$d9196

