=LDR  00471    a2200145   4500
=001  9228
=008  210426s1978\\\\\\\|||||\||||\00|\0\lat\d
=020  \\$a8472022900
=100  \\$aLópez, Miquel$4cmp$912478
=245  \\$aMissa Defunctorum a 12
=260  \\$c1978
=650  \0$aRequiem$1http://www.wikidata.org/entity/Q51616$92858
=942  \\$cSCO
=952  \\$00$10$40$70$8SCO$99218$aORPH$bORPH$cKTS1_P$d2021-01-12$l0$p20124285$r2021-01-12 00:00:00$w2021-01-12$ySCO$OW.2200
=999  \\$c9228$d9228

