=LDR  00729cam a2200193u  4500
=001  9229
=005  20250109133336.0
=008  810203s1928\\\\gw\\\\\\\\\\\\000\0\ger\\
=040  \\$aOI
=041  \\$ager
=100  1\$aLorenz, Alfred Ottokar,$d1868-1939$4aut
=245  10$aAbendländische Musikgeschichte im Rhythmus der Generationen
=250  \\$a1st ed.
=260  \\$aBerlin$bHesse$c1928
=650  \0$aMusic history$xHistory.$1http://www.wikidata.org/entity/Q846047$921373
=650  \0$aMusic history$1http://www.wikidata.org/entity/Q846047$921373
=942  \\$2ddc$cBOO
=952  \\$00$10$2ddc$40$6GHM_0_000000000000000$70$8GHM$99219$aORPH$bORPH$cKM12_1$d2021-01-12$l0$oGHM 0$p20126547$r2021-01-12 00:00:00$w2021-01-12$yBOO
=999  \\$c9229$d9229

