=LDR  00359    a2200109   4500
=001  9231
=100  \\$aLorgeus-Lapouge, C.$912481
=245  \\$aDie alten meister
=260  \\$cs.d.
=942  \\$cBOO
=952  \\$00$10$2ddc$40$6VIS_LORG$70$8VIS$99221$aORPH$bORPH$cKTS1_H$d2021-01-12$eKoopman$i25F02$l0$oVIS LORG$p20129397$r2021-01-12 00:00:00$w2021-01-12$yBOO$OKoopman
=999  \\$c9231$d9231

