=LDR  01280aam a2200265   4500
=001  9232
=005  20250924165805.0
=008  250604b1949\\\\|||\||||\b|||\00|\0dfre\d
=041  \\$afre
=100  \\$aLoubet de Sceaury, Paul$912482$4aut
=245  \\$aMusiciens et facteurs d'instruments de musique sous l'Ancien Régime.$bStatuts Corporatifs.
=260  \\$c1949$aParis$bPedone
=300  \\$a[viii]-255 pages
=648  \0$a17th Century (1601-1700)$1http://www.wikidata.org/entity/Q7016$920923
=648  \0$a18th Century (1701-1800)$1http://www.wikidata.org/entity/Q7015$920899
=650  \0$aGuild$1http://www.wikidata.org/entity/Q170161$923332
=650  \0$aInstitution$1http://www.wikidata.org/entity/Q178706$94241
=650  \0$aMusical instrument maker$1http://www.wikidata.org/entity/Q9840414$939886
=650  \0$aMusic history$1http://www.wikidata.org/entity/Q846047$921373
=650  \0$aMusician$1http://www.wikidata.org/entity/Q639669$93574
=650  \0$aLaw$1http://www.wikidata.org/entity/Q7748$93727
=651  \0$aFrance$1http://www.wikidata.org/entity/Q142$9131
=942  \\$cBOO
=952  \\$00$10$2ddc$40$6TOP_FR_5_000000000000000$70$8TOP$99222$aORPH$bORPH$cKTS0$d2021-01-12$eKoopman$i21C9$l0$oTOP FR 5$p20128188$r2021-01-12 00:00:00$w2021-01-12$yBOO$OKoopman
=999  \\$d9232

