=LDR  00303    a2200109   4500
=001  9241
=100  \\$aLuchini, L.$912491
=245  \\$aValvasone
=260  \\$c1972
=942  \\$cBOO
=952  \\$00$10$40$70$99231$aORPH$bORPH$cLOC_UNK$d2021-01-12$l0$p20125035$r2021-01-12 00:00:00$w2021-01-12$yTYPE_UNK$OKoopman
=999  \\$c9241$d9241

