=LDR  00967aam a2200217   4500
=001  9244
=005  20251103152132.0
=008  251103s2006\\\\|||g||||\b|||\001\0\ger\|
=041  \\$ager
=100  \\$aLüdtke, Karsten$912492$4aut
=245  \\$aCon la sudetta sprezzatura.$bTempomodifikation in der italienischen Musik der ersten Hälfte des 17. Jahrhunderts
=260  \\$c2006$aKassel$bGustav Bosse
=300  \\$a476 pages
=490  \\$aKölner Beiträge zur Musikwissenschaft$v5
=648  \0$a17th Century (1601-1700)$1http://www.wikidata.org/entity/Q7016$920923
=650  \0$aTempo$1http://www.wikidata.org/entity/Q189214$92723
=650  \0$aMusic history$1http://www.wikidata.org/entity/Q846047$921373
=651  \0$aItaly$1http://www.wikidata.org/entity/Q38$922
=942  \\$cBOO
=952  \\$00$10$2ddc$40$6TOP_IT_5_000000000000000$70$8TOP$99234$aORPH$bORPH$cKTS0$d2021-01-12$eKoopman$i37A10$l0$oTOP IT 5$p20120626$r2021-01-12 00:00:00$w2021-01-12$yBOO$OKoopman
=999  \\$d9244

