=LDR  01899cam a2200349 a 4500
=001  9266
=005  20250218163405.0
=008  050309s2004\\\\gw\\\\\\\b\\\\000\0\ger\c
=010  \\$a  2005355050
=020  \\$a3761817576
=040  \\$aOHX$cOHX$dIUL$dDLC
=042  \\$apcc
=043  \\$ae-gx---
=072  \7$aML$2lcco
=100  \\$aLütteken, Laurenz$1http://www.wikidata.org/entity/Q1808263$4edt$910032
=245  04$aDie Musik in den Zeitschriften des 18. Jahrhunderts: $beine Bibliographie mit Datenbank auf CD-ROM
=260  \\$aKassel$bBärenreiter$c2004
=300  \\$aviii - 450 pages$c25 cm.$e1 CD-ROM (4 3/4 in.)
=490  \\$aCatalogus musicus$v18
=504  \\$aIncludes bibliographical references (p. 19-28)
=505  0\$aVerzeichnis der ausgewerteten Zeitschriften (Zeitschriften mit Musikbeiträgen, Zeitschriften ohne Musikbeiträge) -- Verzeichnis der Beiträge (Beiträge mit Verfassernamen oder Pseudonymen, Beiträge mit Verfasserkürzeln, Beiträge ohne Verfasserangaben) -- Verzeichnis der Musikbeilagen (Musikbeilagen mit Komponistennamen, Musikbeilagen mit Komponistenkürzeln, Musikbeilagen ohne Komponistenangaben).
=538  \\$aSystem requirements for CD-ROM: Microsoft Windows 98/2000/Me/NT/XP; ca. 5.6 MB of free hard disk space.
=648  \0$a18th Century (1701-1800)$1http://www.wikidata.org/entity/Q7015$920899
=650  \0$aMusic$92062
=650  \0$aMusic history$1http://www.wikidata.org/entity/Q846047$921373
=650  \0$aPeriodical$1http://www.wikidata.org/entity/Q1002697$921106
=650  \0$aBibliography$1http://www.wikidata.org/entity/Q134995$93965
=700  \\$4edt$aSchütz, Gudula$912507
=700  \\$4edt$aMackensen, Karsten$912508
=942  \\$cBOO
=952  \\$00$10$2ddc$40$6BIB_3_000000000000000_LUTT$70$8BIB$99256$aORPH$bORPH$cKTS0$d2021-01-12$eKoopman$i41C11$l0$oBIB3 LUTT$p20122174$r2021-01-12 00:00:00$w2021-01-12$yBOO$OKoopman
=999  \\$d9266

