=LDR  00904nam a2200241 a 4500
=001  9275
=003  OSt
=005  20250120120146.0
=008  950727s1995\\\\it\a\\\\\bk\\\000\0\ita\\
=020  \\$a8870961249
=040  \\$aOI
=041  \\$aita
=100  \\$aMacchiarella, Ignazio$4aut$912517
=245  13$aIl falsobordone :$bfra tradizione orale e tradizione scritta /$cIgnazio Macchiarella.
=260  \\$aLucca :$bLibreria musicale italiana,$c[1995]
=300  \\$axxxii, 333 pages$bill. ;$c21 cm.
=504  \\$aDiscography: p [331]-333.
=504  \\$aIncludes bibliographical references (p. [323]-329).
=650  \0$aFauxbourdon$1http://www.wikidata.org/entity/Q1328468$93300
=942  \\$cBOO$2ddc
=952  \\$00$10$2ddc$40$6GEN_5_000000000000000$70$8GEN$99265$aORPH$bORPH$cKM12_1$d2021-01-12$eKoopman$l0$oGEN 5$p20127318$r2021-01-12 00:00:00$w2021-01-12$yBOO
=999  \\$c9275$d9275
=490  \\$aAlia musica ;$v2

