=LDR  01175cam a2200289 a 4500
=001  9289
=005  20250120115931.0
=008  990324s1999\\\\it\a\\\\\bc\\\001\0\ita\d
=010  \\$a   99188583 
=020  \\$a8822246934
=035  \\$a(OCoLC)40962332
=040  \\$aOSU$cOSU$dDLC
=042  \\$alccopycat
=100  \\$aMaffei, Maria Irene$912535
=245  10$aCatalogo del fondo musicale antico della Biblioteca dell'Accademia di Francia a Roma /$cMaria Irene Maffei, Francesco Paolo Russo.
=246  15$aCatalogue du fonds musical ancien de la Bibliothèque de l'Académie de France à Rome
=260  \\$aFlorence$bOlschki$c1999.
=300  \\$axxv, 287 p. :$bill. ;$c24 cm.
=490  1\$aBiblioteca / Historiae Musicae Cultores,$x0073-2516 ;$v81
=610  \0$aAccademia di Francia (Rome, Italy)$91458
=650  \0$aMusic$92062
=700  \\$aRusso, Francesco Paolo$912536
=710  \\$aAccademia di Francia (Rome, Italy)$91458
=830  \0$9732$aBiblioteca (Historiae Musicae Cultores (Florence, Italy)) ;$v81.
=942  \\$cBOO
=952  \\$00$10$40$70$99279$aORPH$bORPH$cLOC_UNK$d2021-01-12$l0$p20128641$r2021-01-12 00:00:00$w2021-01-12$yTYPE_UNK$OKoopman
=999  \\$c9289$d9289

