=LDR  00708    a2200181   4500
=001  9299
=008  210419s1960\\\\\\\|||||\||||\00|\0\ger\d
=041  \\$ager
=100  \\$aMahrenholz, Christhard$4aut$916026
=245  \\$aMusicologica et Liturgica:$bGesammelte Aufsätze
=260  \\$aKassel$bBärenreiter$c1960
=300  \\$a688 pages
=590  \\$aHerausgegeben von Karl Ferdinand Müller
=700  \\$4edt$aMüller, Karl Ferdinand$921281
=942  \\$cBOO
=952  \\$00$10$2ddc$40$6TRE_MAHR$70$8TRE$99289$aORPH$bORPH$cKTS1_H$d2021-01-12$eKoopman$i47C01$l3$oTRE MAHR$p20123749$r2021-04-20 00:00:00$s2021-04-20$w2021-01-12$yBOO
=999  \\$c9299$d9299
=650  \0$aMusic history$1http://www.wikidata.org/entity/Q846047$921373

