=LDR  00715    a2200181   4500
=001  9305
=008  210430s1957\\\\\\\|||||\||||\00|\0\dut\d
=041  \\$adut
=100  \\$aMak, J. J.$4aut$912551
=245  \\$aUyt Ionsten Versaemt:$bretoricale studiën 1946-1956
=260  \\$c1957$aTjeenk Willink$bZwolle
=300  \\$a256 pages
=490  \\$aZwolse reeks van taal- en letterkundige studies$v6
=650  \0$aTheater criticism$1http://www.wikidata.org/entity/Q2416230$921632
=650  \0$aRhetoric$1http://www.wikidata.org/entity/Q81009$93894
=942  \\$cBOO
=952  \\$00$10$2ddc$40$6TRE_MAK$70$8TRE$99295$aORPH$bORPH$cKTS1_H$d2021-01-12$eKoopman$i21F62$l0$oTRE MAK$p20125514$r2021-01-12 00:00:00$w2021-01-12$yBOO
=999  \\$d9305

