=LDR  00665nam a22001931p 4500
=001  9318
=005  20250120120046.0
=008  771205s1975\\\\ne\a\\\\\\\\\\000\0\dut\\
=015  \\$aNe75-37
=020  \\$a9025430309 :$cfl 29.50
=040  \\$aOI
=100  \\$aManning, Adrianus Franciscus$912574
=245  10$aOp zoek naar het alledaagse vaderland /$cA. F. Manning.
=260  \\$aAmsterdam :$bContact,$c[1975]
=300  \\$a159 p. :$bill. ;$c32 cm.
=651  \0$aNetherlands$1http://www.wikidata.org/entity/Q55$9173
=942  \\$cBOO
=952  \\$00$10$40$70$99308$aORPH$bORPH$cLOC_UNK$d2021-01-12$l0$p20129390$r2021-01-12 00:00:00$w2021-01-12$yTYPE_UNK$OKoopman
=999  \\$c9318$d9318

