=LDR  00355    a2200121   4500
=001  9325
=020  \\$a8843520571
=100  \\$aMarani, P.C.$912582
=245  \\$aThe Last Supper and Santa Maria d
=260  \\$c1986
=942  \\$cBOO
=952  \\$00$10$40$70$99315$aORPH$bORPH$cLOC_UNK$d2021-01-12$l0$p20125057$r2021-01-12 00:00:00$w2021-01-12$yTYPE_UNK$OKoopman
=999  \\$c9325$d9325

