=LDR  02266aam a2200301   4500
=001  9329
=008  250115s1963\\\\|||fo|||\||||\00|\0dmul\d
=041  \\$afre$adut$aspa
=100  \\$aMarechal, Joseph$d1911-1993$1http://www.wikidata.org/entity/Q2590514$4aut$912587
=245  \\$aLa chapelle fondée par Pedro de Salamanca, bourgeois de Burgos, chez les Augustins à Bruges, 1513-1805
=260  \\$c1963$aBrussels$bPalais des Académies / Paleis der Academien
=300  \\$a101 pages$b16 plates
=490  \\$aAcademie royale de Belgique, Classe des Beaux-Arts: Mémoires, Collection in 8°.$vTome XIII Fascicule 2.
=500  \\$aMarechal was a Belgian historian and archivist , "Docteur en Philosophie et Lettres, conservateur des Archives de l'État à Bruges".
=500  \\$aPedro de Salamanca - Descending from a wealthy merchant family in Burgos, Castile - was an ambassador of the Catholic Monarchs in London Queen Isabella I of Castile (r. 1474–1504) and King Ferdinand II of Aragon (r. 1479–1516),  and later prior of the Spanish Council or Nation in Bruges. 
=600  \0$aSalamanca, Pedro de$dc.1450-1529$939406
=610  \0$aAugustinians$1http://www.wikidata.org/entity/Q214528$924760
=648  \0$a16th Century (1501-1600)$1http://www.wikidata.org/entity/Q7017$920944
=648  \0$a17th Century (1601-1700)$1http://www.wikidata.org/entity/Q7016$920923
=648  \0$a18th Century (1701-1800)$1http://www.wikidata.org/entity/Q7015$920899
=650  \0$aCappella$1http://www.wikidata.org/entity/Q19902156$922910
=650  \0$aMusic history$1http://www.wikidata.org/entity/Q846047$921373
=651  \0$aBruges (Belgium)$1http://www.wikidata.org/entity/Q12994$920963
=651  \0$aBurgos (Spain)$1http://www.wikidata.org/entity/Q9580$926471
=856  \\$uhttps://www.google.com/url?sa=t&source=web&rct=j&opi=89978449&url=https://academieroyale.be/academie/documents/XIII_2_MarechalJoseph_LachapellefondeeparPedrodeSalamaca_15131805_196320427.pdf&ved=2ahUKEwjAp5ids_eKAxW4dqQEHYNbKVQQFnoECBYQAQ&usg=AOvVaw3B4UKX-6QvAxo87xkOoHya
=942  \\$cBOO
=952  \\$00$10$2ddc$40$6TOP_BE__BRU2_5_000000000000000$70$8TOP$99319$aORPH$bORPH$cKTS0$d2021-01-12$eKoopman$i19E34$l0$oTOP BE. BRU2 5$p20125279$r2021-01-12 00:00:00$w2021-01-12$yBOO$OKoopman
=999  \\$d9329

