=LDR  00390    a2200121   4500
=001  9331
=020  \\$a3779650398
=100  \\$aMariacher, G.$912588
=245  \\$aKostbarkeiten der Glaskunst
=260  \\$c1974
=942  \\$cBOO
=952  \\$00$10$2ddc$40$6VIS_MARI$70$8VIS$99321$aORPH$bORPH$cKTS1_H$d2021-01-12$eKoopman$i45G13$l0$oVIS MARI$p20127553$r2021-01-12 00:00:00$w2021-01-12$yBOO$OKoopman
=999  \\$c9331$d9331

