=LDR  00351    a2200121   4500
=001  9338
=020  \\$a8385833056
=100  \\$aMarkowski, S.$912614
=245  \\$aDie Kathedrale auf dem Wawel
=260  \\$c1993
=942  \\$cBOO
=952  \\$00$10$40$70$99328$aORPH$bORPH$cLOC_UNK$d2021-01-12$l0$p20128319$r2021-01-12 00:00:00$w2021-01-12$yTYPE_UNK$OKoopman
=999  \\$c9338$d9338

