=LDR  00394    a2200109   4500
=001  9374
=100  \\$aMascitti, Michele$d1663/64-1760$4cmp$1http://www.wikidata.org/entity/Q580206$97021
=245  \\$aConcerto II in Mi Min. Opera settima
=260  \\$c1997
=942  \\$cSCO
=952  \\$00$10$40$70$8SCO$99364$aORPH$bORPH$cKTS1_P$d2021-01-12$l0$p20121787$r2021-01-12 00:00:00$w2021-01-12$ySCO$OW.1502-b
=999  \\$c9374$d9374

