=LDR  00395    a2200109   4500
=001  9377
=100  \\$aMascitti, Michele$d1663/64-1760$4cmp$1http://www.wikidata.org/entity/Q580206$97021
=245  \\$aSonate da Camera n. I-VI, Opera terza
=260  \\$c1997
=942  \\$cSCO
=952  \\$00$10$40$70$8SCO$99367$aORPH$bORPH$cKTS1_P$d2021-01-12$l0$p20121784$r2021-01-12 00:00:00$w2021-01-12$ySCO$OW.1503-a
=999  \\$c9377$d9377

