=LDR  00398    a2200109   4500
=001  9378
=100  \\$aMascitti, Michele$d1663/64-1760$4cmp$1http://www.wikidata.org/entity/Q580206$97021
=245  \\$aSonate da Camera n. VII-XII, Opera terza
=260  \\$c1997
=942  \\$cSCO
=952  \\$00$10$40$70$8SCO$99368$aORPH$bORPH$cKTS1_P$d2021-01-12$l0$p20121783$r2021-01-12 00:00:00$w2021-01-12$ySCO$OW.1503-b
=999  \\$c9378$d9378

