=LDR  00347    a2200109   4500
=001  9384
=100  \\$aMason, Lowell$96859
=245  \\$aMusical Letters from Abroad
=260  \\$c1967
=942  \\$cBOO
=952  \\$00$10$2ddc$40$6GHM_6_000000000000000$70$8GHM$99374$aORPH$bORPH$cKM12_1$d2021-01-12$l0$oGHM 6$p20122139$r2021-01-12 00:00:00$w2021-01-12$yBOO
=999  \\$c9384$d9384

