=LDR  01258aam a2200265   4500
=001  9388
=008  250210s1927\\\\|||ao|||\||||\00|\0\fre\d
=041  \\$afre
=100  \\$aMasson, André$912648$4aut
=245  \\$aL'Église Abbatiale Saint-Ouen de Rouen
=260  \\$aParis$bLaurens$c1927
=300  \\$a96 pages
=490  \\$aPetites monographies des grands édifices de la France
=610  \0$aAbbaye Saint-Ouen de Rouen (France)$1http://www.wikidata.org/entity/Q1589963$939665
=610  \0$aBenedictines$1http://www.wikidata.org/entity/Q131132$921364
=650  \0$aChurch$1http://www.wikidata.org/entity/Q16970$93776
=650  \0$aMonastery$1http://www.wikidata.org/entity/Q44613$926216
=650  \0$aCatholicism$1http://www.wikidata.org/entity/Q1841$921631
=650  \0$aArchitecture$1http://www.wikidata.org/entity/Q12271$93185
=650  \0$aInterior design$1http://www.wikidata.org/entity/Q179232$921367
=650  \0$aApplied arts$1http://www.wikidata.org/entity/Q2865882$921627
=651  \0$aRouen (France)$1http://www.wikidata.org/entity/Q30974$939667
=942  \\$cBOO
=952  \\$00$10$2ddc$40$6TOP_FR_ROU$70$8TOP$99378$aORPH$bORPH$cKTS0$d2020-07-01$eKoopman$i44E16$l0$oTOP FR.ROU$p20126581$r2021-01-12 00:00:00$w2021-01-12$yBOO$OKoopman
=999  \\$d9388

