=LDR  00338    a2200121   4500
=001  9392
=020  \\$a9789492047083
=100  \\$aMatser, A.$912651
=245  \\$aDe Orgelzolders
=260  \\$c2017
=942  \\$cBOO
=952  \\$00$10$40$70$99382$aORPH$bORPH$cLOC_UNK$d2021-01-12$l0$p20126914$r2021-01-12 00:00:00$w2021-01-12$yTYPE_UNK$OKoopman
=999  \\$c9392$d9392

