=LDR  00721nam a2200193 i 4500
=001  9397
=005  20250120120318.0
=008  770809r19901737gw\a\\\\\\\\\\001\0\ger\\
=020  \\$a3487058715
=041  \\$ager
=100  \\$aMattheson, Johann$d1681-1764$4aut$1http://www.wikidata.org/entity/Q170333$95222
=245  10$aKern melodischer Wissenschafft
=260  \\$aHildesheim$bGeorg Olms$c1976
=300  \\$a205 pages
=500  \\$aReprint of the Hamburg edition 1737
=650  \0$aComposing$1http://www.wikidata.org/entity/Q92186587$93076
=942  \\$cBOO
=952  \\$00$10$2ddc$40$6TRE_MATT$70$8TRE$99387$aORPH$bORPH$cKTS1_H$d2021-01-12$eKoopman$i20D16$l0$oTRE MATT$p20125318$r2021-01-12 00:00:00$w2021-01-12$yBOO
=999  \\$c9397$d9397

