=LDR  02050cam a2200253 a 4500
=001  9398
=005  20250618163022.0
=008  141031s2014\\\\gw\\\\\\\\\\\\000\0\ger\d
=020  \\$a9783487145310
=041  \\$ager
=100  \\$4aut$aMattheson, Johann$d1681-1764$1http://www.wikidata.org/entity/Q170333$95222
=245  00$aTexte aus dem Nachlass
=260  \\$aHildesheim$bGeorg Olms$c2014
=300  \\$a706 pages
=520  \\$aSo vielfältig wie das Schaffen Johann Matthesons ist auch sein in der Hamburger Staats- und Universitätsbibliothek aufbewahrter Nachlass, der hier erstmals in einer umfassenden kritischen Edition vorgelegt wird.
Brisante autobiographische Texte finden sich darunter ebenso wie Dokumente zur regen publizistischen Tätigkeit Matthesons. Eine Abhandlung über das Bücherschreiben steht neben einer Kritik des Duellwesens oder einer Auseinandersetzung mit Castels Farbenklavier. Einmal mehr werden die polemischen Stärken des streitbaren Hamburgers in ästhetischen, religiösen und politischen Fragen sichtbar, daneben gewinnt jedoch auch Mattheson als Dichter mit einer Vielzahl von Gelegenheitsgedichten deutlichere Konturen.
Die zu Lebzeiten Matthesons nicht publizierten Texte, die zum Teil in mehreren Fassungen vorliegen, zeigen einen Autor im Prozess des Schreibens und gewähren Einblicke in das Denken eines Gelehrten, das auf eklektische Weise die unterschiedlichsten Geistesströmungen aufzugreifen und auf überraschende Weise zu kombinieren vermochte.
=648  \0$a18th Century (1701-1800)$1http://www.wikidata.org/entity/Q7015$920899
=651  \0$aGermany$1http://www.wikidata.org/entity/Q183$9155
=653  \\$aart philosophy & esthetics
=700  \\$aJahn, Bernhard$d1962-$4edt$912660
=700  \\$aHirschmann, Wolfgang$4edt$911592
=942  \\$cBOO
=952  \\$00$10$2ddc$40$6TRE_MATT$70$8TRE$99388$aORPH$bORPH$cKTS1_H$d2021-01-12$eKoopman$i45A18-2$l0$oTRE MATT$p20127430$r2021-01-12 00:00:00$w2021-01-12$yBOO
=999  \\$c9398$d9398
=650  \0$aMusic criticism$1http://www.wikidata.org/entity/Q11748889$921598

