=LDR  01622aam a2200289   4500
=001  9401
=008  250820s1965\\\\||||||||\||||\00|\0afre\d
=041  \\$afre
=100  \\$aMaugars, André$d1580-1640$1http://www.wikidata.org/entity/Q521763$912665$4aut
=245  \\$aMaugars,$bsa biographie suivie de sa response faite à un curieux sur le sentiment de la musique d'Italie
=260  \\$aLondon$bBaron$c1965
=600  \0$aFrescobaldi, Girolamo$d1583-1643$1http://www.wikidata.org/entity/Q209212$910961
=648  \0$a17th Century (1601-1700)$1http://www.wikidata.org/entity/Q7016$920923
=650  \0$aMusic criticism$1http://www.wikidata.org/entity/Q11748889$921598
=650  \0$aInstrumentalist$1http://www.wikidata.org/entity/Q1278335$921706
=650  \0$aViol$1http://www.wikidata.org/entity/Q40125$94621
=650  \0$aBiography$1http://www.wikidata.org/entity/Q36279$91927
=650  \0$aItalian$1http://www.wikidata.org/entity/Q652$924225
=650  \0$aFrench$1http://www.wikidata.org/entity/Q150$923117
=651  \0$aFrance$1http://www.wikidata.org/entity/Q142$9131
=651  \0$aItaly$1http://www.wikidata.org/entity/Q38$922
=700  \\$aThoinan, Ernest$d1827-1894$1http://www.wikidata.org/entity/Q18117907$4edt$94861
=856  \\$3Münchener DigitalizierungsZentrum$uhttps://www.digitale-sammlungen.de/de/view/bsb10528145
=856  \\$3IIIF manifest$uhttps://api.digitale-sammlungen.de/iiif/presentation/v2/bsb10528145/manifest
=942  \\$cBOO
=952  \\$00$10$2ddc$40$6BIO_MAUG_D$70$8BIO$99391$aORPH$bORPH$cKTS1_P$d2021-01-12$l0$oBIO MAUG d$p20120971$r2021-01-12 00:00:00$w2021-01-12$yBOO$OKoopman
=999  \\$d9401

