=LDR  01611cam a22003134a 4500
=001  9403
=005  20250423163551.0
=008  090828s2009\\\\gw\ag\\\\b\\\\001\0dger\\
=020  \\$a9783793095842
=040  \\$aOI
=041  \\$ager
=100  \\$aMaul, Michael$d1978-$4aut$912666
=245  10$aBarockoper in Leipzig (1693-1720)
=260  \\$aFreiburg im Breisgau$bRombach$c2009
=300  \\$a2 v. (1184 p.) :$bill., music ;$c24 cm.
=490  0\$aRombach Wissenschaften. Reihe Voces$v12
=504  \\$aIncludes bibliographical references (Bd. 2, p. 1133-1162) and index.
=505  0\$aTextband -- Katalogband.
=561  \\$aCard of the Bach-Archiv Leipzig with an autograph dedication from the author to Ton Koopman
=648  \0$a17th Century (1601-1700)$1http://www.wikidata.org/entity/Q7016$920923
=648  \0$a18th Century (1701-1800)$1http://www.wikidata.org/entity/Q7015$920899
=650  \0$aOpera$1http://www.wikidata.org/entity/Q1344$92468
=650  \0$aMusic history$1http://www.wikidata.org/entity/Q846047$921373
=650  \0$aTheater history$1http://www.wikidata.org/entity/Q1061140$94607
=651  \0$aLeipzig (Germany)$1http://www.wikidata.org/entity/Q2079$945
=942  \\$cBOO
=952  \\$00$10$2ddc$3Textband$40$6TOP_DE_LEI_5_000000000000000$70$8TOP$99392$aORPH$bORPH$cKTS0$d2021-01-12$eKoopman$i25A27$l1$oTOP DE.LEI 5$p20129183$r2022-03-02 00:00:00$s2022-02-23$w2021-01-12$yBOO
=952  \\$00$10$2ddc$3Katalogband$40$6TOP_DE_LEI_5_000000000000000$70$8TOP$99393$aORPH$bORPH$cKTS0$d2021-01-12$eKoopman$i25A27$l0$oTOP DE.LEI 5$p20129182$r2021-01-12 00:00:00$w2021-01-12$yBOO
=999  \\$c9403$d9403

