=LDR  01063cam a22002175i 4500
=001  9406
=008  150213s2015\\\\\\\a\\\\\\\\\\001\0dger\|
=041  \\$ager
=100  \\$aMaul, Michael$d1978-$1http://www.wikidata.org/entity/Q15055120$4aut$912666
=245  00$aMusikstadt Leipzig in Bildern.$bVon den Anfängen bis ins 18. Jahrhundert
=260  \\$aLeipzig$bLehmstedt$c2015
=300  \\$a242 pages
=648  \0$aRenaissance (1400-1600)$1http://www.wikidata.org/entity/Q4692$920965
=648  \0$a17th Century (1601-1700)$1http://www.wikidata.org/entity/Q7016$920923
=648  \0$a18th Century (1701-1800)$1http://www.wikidata.org/entity/Q7015$920899
=650  \0$aIconography$1http://www.wikidata.org/entity/Q208145$921259
=650  \0$aMusic history$1http://www.wikidata.org/entity/Q846047$921373
=651  \0$aLeipzig (Germany)$1http://www.wikidata.org/entity/Q2079$945
=942  \\$cBOO
=952  \\$00$10$2ddc$40$6TOP_DE_LEI$70$8TOP$99396$aORPH$bORPH$cKTS0$d2021-01-12$eKoopman$i47G11$l0$oTOP DE.LEI$p20121537$r2021-01-12 00:00:00$w2021-01-12$yBOO$OKoopman
=999  \\$d9406

