=LDR  00381    a2200109   4500
=001  9414
=100  \\$aMazzocchi, Domenico$d1592-1665$4cmp$1http://www.wikidata.org/entity/Q926744$912424
=245  \\$aSacrae concertationes
=260  \\$c1975
=942  \\$cSCO
=952  \\$00$10$40$70$8SCO$99404$aORPH$bORPH$cKTS1_P$d2021-01-12$l0$p20121756$r2021-01-12 00:00:00$w2021-01-12$ySCO$OW.1237-III
=999  \\$c9414$d9414

