=LDR  01564nam a2200313 a 4500
=001  9433
=005  20250120120151.0
=008  971106s1997\\\\ne\a\\\\\c\\\\000\0\dut\\
=020  \\$a9067074330
=040  \\$aOI
=041  0\$aduteng
=245  00$aKunstnijverheid en tegels, 1600-1800 /$cMuseum Boijmans Van Beuningen Rotterdam, Afdeling Kunstnijverheid en Vormgeving = Applied arts and tiles, 1600-1800 / Museum Boijmans Van Beuningen Rotterdam, Department of Applied Arts and Design.
=246  31$aApplied arts and tiles, 1600-1800
=260  \\$aAmsterdam :$bDe Bataafse Leeuw,$cc1997.
=300  \\$a400 p. :$bill. (some col.) ;$c28 cm.
=650  \0$aApplied arts$1http://www.wikidata.org/entity/Q2865882$921627
=650  \0$aApplied arts$1http://www.wikidata.org/entity/Q2865882$921627
=650  \0$aTiles$93079
=650  \0$aTime$1http://www.wikidata.org/entity/Q11471$93353
=650  \0$aApplied arts$1http://www.wikidata.org/entity/Q2865882$921627
=650  \0$aTimpani$1http://www.wikidata.org/entity/Q189737$93355
=610  \0$aMuseum Boijmans Van Beuningen (Rotterdam, Netherlands)$91676
=700  \\$aMees, D. C.$912685
=710  \\$aMuseum Boijmans Van Beuningen (Rotterdam, Netherlands)$91676
=942  \\$cBOO
=952  \\$00$10$2ddc$40$6VIS_MEES$70$8VIS$99423$aORPH$bORPH$cKTS1_H$d2021-01-12$eKoopman$i28C16$l0$oVIS MEES$p20121424$r2021-01-12 00:00:00$w2021-01-12$yBOO$OKoopman
=999  \\$c9433$d9433
=651  \0$aNetherlands$1http://www.wikidata.org/entity/Q55$9173
=648  \0$a17th Century (1601-1700)$1http://www.wikidata.org/entity/Q7016$920923

