=LDR  00418    a2200121   4500
=001  9437
=020  \\$a9790231804300
=100  \\$aMéhul, Étienne Nicolas$d1763-1817$4cmp$1http://www.wikidata.org/entity/Q364020$96654
=245  \\$aSymphonie no 1 en sol mineur
=260  \\$c2009
=942  \\$cSCO
=952  \\$00$10$40$70$8SCO$99427$aORPH$bORPH$cKTS1_P$d2021-01-12$l0$p20121912$r2021-01-12 00:00:00$w2021-01-12$ySCO$OW.2390
=999  \\$c9437$d9437

