=LDR  00492    a2200145   4500
=001  9442
=008  210830s2013\\\\||||||||\||||\00|\0\eng\e
=020  \\$a9789490706043
=100  \\$aMeijer, Ruud$4edt$912694
=245  \\$aChallenge Classics. The beauty of classical artistry
=260  \\$c2013
=300  \\$a135 pages
=942  \\$cBOO
=952  \\$00$10$2ddc$40$6REF_1_000000000000000$70$8REF$99432$aORPH$bORPH$cKM12_1$d2021-01-12$eKoopman$i43C32$oREF1$p20127175$r2021-01-12 00:00:00$w2021-01-12$yBOO
=999  \\$d9442

