=LDR  00325    a2200109   4500
=001  9444
=100  \\$aMeilink, P. A.$912696
=245  \\$aDe Nederlandsche Hanzesteden
=260  \\$c1912
=942  \\$cBOO
=952  \\$00$10$40$70$99434$aORPH$bORPH$cLOC_UNK$d2021-01-12$l0$p20126961$r2021-01-12 00:00:00$w2021-01-12$yTYPE_UNK$OKoopman
=999  \\$c9444$d9444

