=LDR  01267aam a2200289 i 4500
=001  9459
=005  20251031162019.0
=008  760429s1976\\\\nyuafo\\\b\\\\001\0\eng\\
=020  \\$a0440093163
=040  \\$aOI
=041  \\$aeng
=100  \\$aMeltzer, Milton$d1915-2009$4aut$912711
=245  10$aViolins & Shovels:$bThe WPA Arts Projects
=260  \\$aNew York$bDelacorte$c1976
=300  \\$a160 pages$b[12] plates
=504  \\$aBibliography: p. [150]-153.
=520  \\$aExamines art projects run during the 1930's which were funded by the Work Projects Administration.
=648  \0$a20th Century (1901-2000)$1http://www.wikidata.org/entity/Q6927$920936
=650  \0$aCultural history$1http://www.wikidata.org/entity/Q858517$922395
=650  \0$aMusic history$1http://www.wikidata.org/entity/Q846047$921373
=650  \0$aTheater history$1http://www.wikidata.org/entity/Q1061140$94607
=650  \0$aFine art$1http://www.wikidata.org/entity/Q219625$921579
=650  \0$aEconomy$1http://www.wikidata.org/entity/Q159810$921625
=651  10$aUSA$1http://www.wikidata.org/entity/Q30$943
=942  \\$cBOO
=952  \\$00$10$2ddc$40$6TOP_US_7_000000000000000$70$8TOP$99449$aORPH$bORPH$cKTS0$d2022-01-17$oTOP US 7$p20130049$r2021-01-12 00:00:00$w2021-01-12$yBOO
=999  \\$d9459

