=LDR  00398    a2200109   4500
=001  9462
=100  \\$aMendelssohn-Bartholdy, Felix$d1809-1847$4cmp$1http://www.wikidata.org/entity/Q46096$94998
=245  \\$aDrei Motetten für weibliche Stimm
=260  \\$cop.39
=942  \\$cSCO
=952  \\$00$10$40$70$8SCO$99452$aORPH$bORPH$cKTS1_P$d2021-01-12$l0$p20124297$r2021-01-12 00:00:00$w2021-01-12$ySCO$OW.1916
=999  \\$c9462$d9462

