=LDR  00397    a2200109   4500
=001  9463
=100  \\$aMendelssohn-Bartholdy, Felix$d1809-1847$4cmp$1http://www.wikidata.org/entity/Q46096$94998
=245  \\$aKonzert d-Moll für Violine und St
=260  \\$c1973
=942  \\$cSCO
=952  \\$00$10$40$70$8SCO$99453$aORPH$bORPH$cKTS1_P$d2021-01-12$l0$p20124274$r2021-01-12 00:00:00$w2021-01-12$ySCO$OW.2292
=999  \\$c9463$d9463

