=LDR  00289    a2200097   4500
=001  9464
=100  \\$aMendes, H. F.$4cmp$912714
=245  \\$a3e Sonatine
=942  \\$cSCO
=952  \\$00$10$40$70$8SCO$99454$aORPH$bORPH$cKTS1_P$d2021-01-12$l0$p20124313$r2021-01-12 00:00:00$w2021-01-12$ySCO$OW.1792
=999  \\$c9464$d9464

