=LDR  01379aam a2200253   4500
=001  9468
=008  250122s1998\\\\|||a||||\||||\00|\0\ger\d
=041  \\$ager
=100  \\$aMenke, H.$912717
=245  \\$aDie unheilige Weltbibel, der Lübecker Reynke de Vos (1498-1998)$bAusstellung der Abteilung für niederdeutsche Sprache und Literatur der Christian-Albrechts-Universität zu Kiel ... 
=260  \\$c1998$aKiel$bAbteilung für Niederdeutsche Sprache und Literatur der Christian-Albrechts-Universität
=300  \\$a58 pages
=500  \\$aexhibition in Lübeck and Wolfenbüttel
=500  \\$aReynaert de Vos; Reynard the Fox
=600  \0$aReinaert de Vos$1http://www.wikidata.org/entity/Q505194$923070
=648  \0$a15th Century (1401-1500)$1http://www.wikidata.org/entity/Q7018$921015
=648  \0$a16th Century (1501-1600)$1http://www.wikidata.org/entity/Q7017$920944
=648  \0$a17th Century (1601-1700)$1http://www.wikidata.org/entity/Q7016$920923
=650  \0$aBook$1http://www.wikidata.org/entity/Q571$92285
=650  \0$aIncunable$1http://www.wikidata.org/entity/Q216665$93964
=651  \0$aLübeck (Germany)$1http://www.wikidata.org/entity/Q2843$9125
=942  \\$cBOO
=952  \\$00$10$2ddc$40$6BIB_4_000000000000000_DE_LUB$70$8BIB$99458$aORPH$bORPH$cKTS0$d2021-01-12$eKoopman$i25D36$l0$oBIB4 DE.LUB$p20143996$r2021-01-12 00:00:00$w2021-01-12$yBOO$OKoopman
=999  \\$d9468

