=LDR  01175aam a2200229   4500
=001  9475
=008  250212s1886\\\\|||gd|||\||||\00|\0\ger\d
=041  \\$ager
=100  \\$aMerkel, Johannes Gottfried$d1860-1934$1http://www.wikidata.org/entity/Q109313172$912725
=245  \\$aBetrachtungen über die deutsche Tonkunst im achtzehnten Jahrhundert.
=260  \\$c1886$aLeipzig$bBreitkopf & Härtel
=300  \\$a65 pages
=500  \\$amostly about Händel, Bach and Gluck
=590  \\$aInaugural-Dissertation zur Erlangung der Doktorwürde eingereicht bei der philosophischen Fakultät der Universität Leipzig
=648  \0$a18th Century (1701-1800)$1http://www.wikidata.org/entity/Q7015$920899
=650  \0$aMusic history$1http://www.wikidata.org/entity/Q846047$921373
=650  \0$aTemperament$1http://www.wikidata.org/entity/Q55073971$921656
=650  \0$aOpera$1http://www.wikidata.org/entity/Q1344 $92468
=651  \0$aGermany$1http://www.wikidata.org/entity/Q183$9155
=942  \\$cDIS
=952  \\$00$10$2ddc$40$6TOP_DE_5_000000000000000$70$8TOP$99465$aORPH$bORPH$cKTS0$d2021-01-12$eKoopman$i31E05$l0$oTOP DE 5$p20123226$r2021-01-12 00:00:00$w2021-01-12$yDIS$OKoopman
=999  \\$d9475

