=LDR  00757aam a2200193   4500
=001  9491
=008  250331s1982\\\\|||oa|||\||||\001\0\ger\d
=020  \\$a3374004458
=041  \\$ager
=100  \\$aMertens, Klaus$912731$4aut
=245  \\$aDie Stadtkirchen in Thüringen
=260  \\$c1982$aBerlin$bEvangelische Veranstalt Berlin
=300  \\$a191 pages
=650  \0$aArchitecture$1http://www.wikidata.org/entity/Q12271$93185
=650  \0$aChurch$1http://www.wikidata.org/entity/Q16970$93776
=651  \0$aThuringia (Germany)$1http://www.wikidata.org/entity/Q1205$922311
=942  \\$cBOO
=952  \\$00$10$2ddc$40$6TOP_DE_THU$70$8TOP$99481$aORPH$bORPH$cKTS0$d2021-01-12$eKoopman$i21G13$l0$oTOP DE.THU$p20125542$r2021-01-12 00:00:00$w2021-01-12$yBOO$OKoopman
=999  \\$d9491

