=LDR  00406    a2200109   4500
=001  9493
=100  \\$aMerula, Tarquinio$d1595-1665$4cmp$1http://www.wikidata.org/entity/Q1279875$912732
=245  \\$aIl primo Libro delle Canzoni, Opere Complete
=260  \\$c1974
=942  \\$cSCO
=952  \\$00$10$40$70$8SCO$99483$aORPH$bORPH$cKTS1_P$d2021-01-12$l0$p20121751$r2021-01-12 00:00:00$w2021-01-12$ySCO$OW.2092-VII/1a
=999  \\$c9493$d9493

