=LDR  00424    a2200109   4500
=001  9496
=100  \\$aMerula, Tarquinio$d1595-1665$4cmp$1http://www.wikidata.org/entity/Q1279875$912732
=245  \\$aIl secondo Libro delle Canzoni, Violino I, Violino II, Violone
=260  \\$c1978
=942  \\$cSCO
=952  \\$00$10$40$70$8SCO$99486$aORPH$bORPH$cKTS1_P$d2021-01-12$l0$p20121747$r2021-01-12 00:00:00$w2021-01-12$ySCO$OW.2092-VII/2b
=999  \\$c9496$d9496

