=LDR  00442    a2200121   4500
=001  9499
=020  \\$a912024402
=100  \\$aMerula, Tarquinio$d1595-1665$4cmp$1http://www.wikidata.org/entity/Q1279875$912732
=245  \\$aIl quarto Libro delle Canzoni, Parte 2, Opere Complete
=260  \\$c1978
=942  \\$cSCO
=952  \\$00$10$40$70$8SCO$99488$aORPH$bORPH$cKTS1_P$d2021-01-12$l0$p20121746$r2021-01-12 00:00:00$w2021-01-12$ySCO$OW.2092-VII/4a
=999  \\$c9499$d9499

