=LDR  02895ccm a2200421 a 4500
=001  9501
=005  20250120120615.0
=008  900116m19709999xx\mua\\\bhiz\\n\\\\lat\\
=020  \\$a3775107096 (v. 5)
=020  \\$a377510710X (v. 6)
=020  \\$a3775121056 (v. 7)
=020  \\$a3775107126 (v. 8)
=020  \\$a3775125183 (v. 9)
=040  \\$aOI
=041  0\$aeng
=100  \\$aMerulo, Claudio$d1533-1604$4cmp$1http://www.wikidata.org/entity/Q380517$97220
=245  10$aClaudii Meruli musica sacra
=260  \\$as.l.$bAmerican Institute of Musicology$c1970-96
=300  \\$a1 score (v. <1-9   >) ;$c36 cm
=490  \\$aCorpus Mensurabilis Musicæ$v51
=500  \\$aVols. 7-<9   > have title: Claudii Meruli opera omnia.
=500  \\$aTitle on series t.p.: Sacred music.
=500  \\$aTitle on series t.p., v. 7-8: Collected madrigals.
=500  \\$aTitle on series t.p., v. 9: Collected works.
=500  \\$aVols. 7-<9   > edited by James Bastian and Bonner Mitchell.
=500  \\$a"A complete edition comprising all of his extant vocal and instrumental ensemble works"--V. 7, p. ix.
=500  \\$aImprint, v. 4-<9   >: S.l. : American Institute of Musicology ; Neuhausen-Stuttgart : Hänssler-Verlag.
=500  \\$aPublisher's no.: 65.104-<65.109   > (v. 4-<9   >).
=500  \\$aPl. no.: CMM 511-<51, IX   >.
=505  1\$g1. Missarum quinque vocum liber primus (1573) -- 2. Missae duae, cum octo, et duodecim vocibus concinende (1609) -- 3. Liber primus sacrarum cantionum ; Liber secundus sacrarum cantionum -- 4. Il primo libro de motetti a sei voci (1583) ; Il secondo libro de' motetti a sei voci, con giunta di molti a sette, per concerti, & per cantare (1593) -- 5. Il primo libro de mottetti a quattro voci pari (1584) ; Sacrorum concentuum octonis, den: duoden: & sexdenis vocibus modulandorum : liber primus (1594), part I -- 6. Sacrorum concentuum octonis, den: duoden: & sexdenis vocibus modulandorum : liber primus (1594), part 2 -- Il primo libro de' madrigali a cinque voci (1566) ; Il secondo libro de madrigali a cinque voci (1604) ; Miscellaneous madrigals for five voices -- 8. Il primo libro de madrigali a tre voci (1580) ; Miscellaneous madrigals for three voices ; Il primo libro de madrigali a quattro voci (1579) ; Miscellaneous madrigals for four, six, seven, and eight voices -- 9. Il primo libro de ricercari da cantare, a quattro voci (1574) ; Miscellaneous canzoni for four and five voices
=590  \\$aedidit Jacobus Bastian
=648  \0$a16th Century (1501-1600)$1http://www.wikidata.org/entity/Q7017$920944
=650  \0$aChurch music$1http://www.wikidata.org/entity/Q8812109$92283
=700  \\$aBastian, James$4edt$924793
=700  1\$aMitchell, Bonner.
=942  \\$cSCO
=952  \\$00$10$2ddc$40$6SCO_MERU$70$8SCO$99489$aORPH$bORPH$cKTS1_P$d2022-08-31$l0$oSCO MERU$p20124220$r2021-01-12 00:00:00$w2021-01-12$ySCO$OW.1027
=999  \\$d9501

