=LDR  00356    a2200121   4500
=001  9504
=020  \\$a9039312753
=100  \\$aMetzelaar, Helen$919149
=245  \\$aFrom Private to Public Spheres
=260  \\$c1996
=942  \\$cBOO
=952  \\$00$10$40$70$99492$aORPH$bORPH$cLOC_UNK$d2021-01-12$l0$p20121099$r2021-01-12 00:00:00$w2021-01-12$yTYPE_UNK$OKoopman
=999  \\$c9504$d9504

