=LDR  00392    a2200109   4500
=001  9509
=100  \\$aSigtenhorst Meyer, Bernhard van den$d1888-1953$4cmp$1http://www.wikidata.org/entity/Q2062391$912741
=245  \\$aFantasie voor orgel
=260  \\$c1941
=942  \\$cSCO
=952  \\$00$10$40$70$8SCO$99497$aORPH$bORPH$cKTS1_P$d2021-01-12$l0$p20121907$r2021-01-12 00:00:00$w2021-01-12$ySCO$OW.2435
=999  \\$c9509$d9509

