=LDR  01214aam a2200241   4500
=001  9510
=008  250623s1958\\\\|||gf|||\||||\001\0\ger\d
=041  \\$ager$heng
=100  \\$aMeyer, Ernst Hermann$d1905-1988$1http://www.wikidata.org/entity/Q96997$912742$4aut
=245  \\$aDie Kammermusik Alt-Englands, vom Mittelalter bis zum tode Henry Purcells
=260  \\$c1958$aLeipzig$bBreitkopf & Härtel
=300  \\$a16-371 pages
=648  \0$aMiddle Ages (500-1400)$1http://www.wikidata.org/entity/Q12554$920964
=648  \0$aRenaissance (1400-1600)$1http://www.wikidata.org/entity/Q4692$920965
=648  \0$a17th Century (1601-1700)$1http://www.wikidata.org/entity/Q7016$920923
=650  \0$aMusic history$1http://www.wikidata.org/entity/Q846047$921373
=650  \0$aChamber music$1http://www.wikidata.org/entity/Q189201$92105
=651  \0$aUnited Kingdom$1http://www.wikidata.org/entity/Q21$1http://www.wikidata.org/entity/Q145$9273
=700  \\$aBecher, Gerda$4trl$940436
=765  \\$aEnglish Chamber Music
=942  \\$cBOO
=952  \\$00$10$2ddc$40$6TOP_GB_0_000000000000000$70$8TOP$99498$aORPH$bORPH$cKTS0$d2021-01-12$eKoopman$i20F28$l0$oTOP GB 0$p20128122$r2021-01-12 00:00:00$w2021-01-12$yBOO$OKoopman
=999  \\$d9510

