=LDR  01361cam a22003134a 4500
=001  9520
=005  20250120115909.0
=008  061019s2006\\\\ne\a\\\\\bc\\\000\0\dut\d
=010  \\$a  2007398593
=020  \\$a9053452796
=035  \\$a(CStRLIN)MONA06-B3936
=040  \\$aNNFr$cNNFr$dCMalG$dMoKNA$dDLC
=042  \\$alccopycat
=043  \\$ae-ne---
=100  \\$aMeyere, Jos A. L. de$99895
=245  10$aUtrechtse schilderkunst in de gouden eeuw :$bhonderd schilderijen uit de collectie van het Centraal Museum te Utrecht /$cJos de Meyere.
=246  30$aHonderd schilderijen uit de collectie van het Centraal Museum te Utrecht
=260  \\$aUtrecht :$bMatrijs,$cc2006.
=300  \\$a462 p. :$bill. (some col.) ;$c29 cm.
=504  \\$aIncludes bibliographical references (p. 418-462).
=650  \0$aFine art$1http://www.wikidata.org/entity/Q219625$921579
=650  \0$aFine art$1http://www.wikidata.org/entity/Q219625$921579
=610  \0$aCentraal Museum (Utrecht, Netherlands)$91475
=710  \\$aCentraal Museum (Utrecht, Netherlands)$91475
=942  \\$cBOO
=952  \\$00$10$40$70$99508$aORPH$bORPH$cLOC_UNK$d2021-01-12$l0$p20122111$r2021-01-12 00:00:00$w2021-01-12$yTYPE_UNK$OKoopman
=999  \\$c9520$d9520
=651  \0$aNetherlands$1http://www.wikidata.org/entity/Q55$9173
=648  \0$a17th Century (1601-1700)$1http://www.wikidata.org/entity/Q7016$920923

