=LDR  00319    a2200109   4500
=001  9522
=100  \\$aMica, J. A. F.$4cmp$912754
=245  \\$aConcertino Notturno
=260  \\$c1954
=942  \\$cSCO
=952  \\$00$10$40$70$8SCO$99510$aORPH$bORPH$cKTS1_P$d2021-01-12$l0$p20121845$r2021-01-12 00:00:00$w2021-01-12$ySCO$OW.1083
=999  \\$c9522$d9522

