=LDR  00354    a2200121   4500
=001  9524
=020  \\$a8322322550
=100  \\$aMichalski, G.$912756
=245  \\$aGeschichte der polnischen Musik
=260  \\$c1988
=942  \\$cBOO
=952  \\$00$10$40$70$99512$aORPH$bORPH$cLOC_UNK$d2021-01-12$l0$p20125389$r2021-01-12 00:00:00$w2021-01-12$yTYPE_UNK$OKoopman
=999  \\$c9524$d9524

