=LDR  02319ccm a22005894a 4500
=001  9532
=005  20250122164604.0
=008  010319m19899999xr\msa\\\hi\\\\n\\\\lat\\
=020  \\$a807058114X (v. 1)
=020  \\$a8070581158 (v. 2)
=024  2\$aM260000780$c(v. 3)
=024  2\$aM260002197$c(v. 4)
=024  2\$aM260101050$c(v. 5)
=024  2\$aM260102101$c(v. 6)
=024  2\$aM260102507$c(v. 7)
=024  2\$aM260103009$c(v. 8)
=024  2\$aM260103702$c(v. 9)
=024  2\$aM260103900$c(v. 10)
=024  2\$aM260104013$c(v. 11)
=024  2\$aM260104150$c(v. 12)
=024  3\$a9790260103900$c(v. 10)
=024  3\$a9790260104013$c(v. 11)
=024  3\$a9790260104150$c(v. 12)
=028  30$aS 7240$bEditio Supraphon
=028  30$aS 7332$bEditio Supraphon
=028  20$aH 7240$bEditio Supraphon
=028  20$aH 7332$bEditio Supraphon
=028  20$aH 7595$bEditio Supraphon
=028  20$aH 7808$bEditio Praga
=028  20$aH 7824$bEditio Bärenreiter Praga
=028  20$aH 7837$bEditio Bärenreiter Praga
=028  20$aH 7880$bEditio Bärenreiter Praga
=028  20$aH 7979$bEditio Bärenreiter Praga
=028  20$aH 7990$bEditio Bärenreiter Praha
=028  20$aH 7995$bEditio Bärenreiter Praha
=028  20$aH 7996$bEditio Bärenreiter Praha
=028  20$aH 7997$bEditio Bärenreiter Praha
=040  \\$aOI
=041  0\$acze$alat$gcze$gger$geng
=100  \\$aMichna z Otradovic, Adam$dc. 1600-1676$4cmp$1http://www.wikidata.org/entity/Q350426$912763
=240  10$9307$aWorks.$f1989
=245  10$aCompositiones /$cAdam Michna z Otradovic ; editor Jiří Sehnal.
=260  \\$aPraha :$bSupraphon,$c1989-<c2007>
=300  \\$a1 score (v. <1-12>) :$bfacsims. ;$c31 cm.
=546  \\$aCzech or Latin words.
=546  \\$aCommentary in Czech, German and English.
=505  1\$av. 1. Česká mariánská muzika -- v. 2-4. Sacra et litaniae. Pars 1-3 -- v. 5. Svatoroční musika -- v. 6-8. Officium vespertinum -- v. 9-10. Sacra et litaniae. Pars 4-5 -- v. 11-12. Sacra et litaniae. Pars 6-9
=650  \0$aMusic history$1http://www.wikidata.org/entity/Q846047$921373
=700  \\$aSehnal, Jiří$d1931-$912765
=942  \\$cSCO
=952  \\$00$10$40$70$8SCO$99520$aORPH$bORPH$cKTS1_P$d2021-01-12$l0$p20124271$r2021-01-12 00:00:00$w2021-01-12$ySCO$OW.2304-7
=999  \\$c9532$d9532

