=LDR  00952ccm a2200241 a 4500
=001  9536
=005  20250120120049.0
=008  860131s1983\\\\pl\msa\\\\\\\\\n\\\\lat\\
=020  \\$a8322421354 (pbk.)
=028  22$aPWV-8595$bPolskie Wydawn. Muzyczne
=040  \\$aOI
=048  \\$aca06$ake
=100  \\$aMielczewski, Marcin$d1600?-1651$4cmp$1http://www.wikidata.org/entity/Q121900$912771
=240  10$9755$aMissa super O gloriosa Domina.$lLatin
=245  10$aMissa super O gloriosa Domina /$cMarcin Mielczewski ; przygotował do wydania Zygmunt M. Szweykowski.
=250  \\$aWyd. 1.
=260  \\$aKraków :$bPolskie Wydawn. Muzyczne,$c1983.
=300  \\$a1 score (61 p.) :$bill. ;$c31 cm.
=650  \0$aMass$1http://www.wikidata.org/entity/Q217295$92735
=700  \\$aSzweykowski, Zygmunt$912772
=942  \\$cSCO
=952  \\$00$10$40$70$8SCO$99524$aORPH$bORPH$cKTS1_P$d2021-01-12$l0$p20121651$r2021-01-12 00:00:00$w2021-01-12$ySCO$OW.0621
=999  \\$c9536$d9536

