=LDR  00368    a2200109   4500
=001  9537
=100  \\$aMielczewski, Marcin$d1600?-1651$4cmp$1http://www.wikidata.org/entity/Q121900$912771
=245  \\$aCanzoni a 3
=260  \\$c1966
=942  \\$cSCO
=952  \\$00$10$40$70$8SCO$99525$aORPH$bORPH$cKTS1_P$d2021-01-12$l0$p20121850$r2021-01-12 00:00:00$w2021-01-12$ySCO$OW.0849
=999  \\$c9537$d9537

