=LDR  01890ccm a2200385 a 4500
=001  9538
=005  20250120120049.0
=008  880328m19769999pl\mua\\\i\\\\\n\\\\lat\\
=020  \\$a8322423756$q(v. 1)
=020  \\$a8370991254$q(v. 3)
=020  \\$a9788363877323$q(ser. 2)
=020  \\$a8363877328$q(ser. 2)
=020  \\$a9788365630490$q(ser. 2, v. 1)
=020  \\$a9788365630490$q(ser. 2, v. 2, pt. 1)
=020  \\$a9788365630728$q(ser. 2, v. 2, pt. 2)
=028  20$aPWM-8418$bPolskie Wydawn. Muzyczne
=028  20$aPWM-7626$bPolskie Wydawn. Muzyczne
=028  20$aMI 0027$bMusica Iagellonica
=040  \\$aOI
=041  0\$alat$ager$geng$gpol$heng
=100  \\$aMielczewski, Marcin$d1600?-1651$4cmp$1http://www.wikidata.org/entity/Q121900$912771
=240  10$9412$aWorks.$f1976
=245  00$aOpera omnia /$cMarcin Mielczewski ; wydał Zygmunt M. Szweykowski.
=250  \\$aWyd. 1.
=260  \\$aKraków :$bPolskie Wydawn. Muzyczne :$bMusica Iagellonica,$c1976-<2013   >
=260  \\$aWarszawa :$bInstytut Sztuki Polskiej Akademii Nauk,$c<2019->
=300  \\$a1 score (v. <1-3, ser. 2, v. 2, pt. 1-2   >) :$bfacsims. ;$c32 cm.
=546  \\$aChief Latin words, with some German.
=505  1\$a1. Canzony instrumentalne -- 2. Koncerty wokalno-instrumentalne / wydała Barbara Przybyszewska-Jarminśka -- 3. Msze koncertujące --   ser. 2. Katalog tematyczny utworów / przygotowała Barbara Przybyszewska-Jarminśka -- ser. 2, v. 2, pt. 1-2. Koncerty wokalno-instrumentalne = Vocal-instrumental concertos / wydała Barbara Przybyszewska-Jarminśka --
=650  \0$aMusic history$1http://www.wikidata.org/entity/Q846047$921373
=700  \\$aSzweykowski, Zygmunt$912772
=942  \\$cSCO
=952  \\$00$10$40$70$8SCO$99526$aORPH$bORPH$cKTS1_P$d2021-01-12$l0$p20121641$r2021-01-12 00:00:00$w2021-01-12$ySCO$OW.0885
=999  \\$c9538$d9538
=490  \\$aMonumenta musicae in Polonia.

