=LDR  01009cam a2200229 i 4500
=001  9547
=008  770411s1976\\\\dk\aof\\\\\\\\000\0\dan\|
=041  \\$adan
=100  \\$aMikkelsen, Birger$d1934-$912776
=245  10$aHelsingør: sundtoldstad og borgerby
=246  \1$aElsinore: Sonoran city and bourgeois town
=260  \\$aHelsingør$bNordisk Forlag for Videnskab og Teknik$c1976
=300  \\$a280 pages
=648  \0$aPast$1http://www.wikidata.org/entity/Q192630$922196
=650  \0$aUrban design$1http://www.wikidata.org/entity/Q63100$939883
=650  \0$aArchitecture$1http://www.wikidata.org/entity/Q12271$93185
=650  \0$aHistory$1http://www.wikidata.org/entity/Q309$921403
=651  \0$aHelsingør (Denmark)$1http://www.wikidata.org/entity/Q26881$9126
=700  \\$aBjørn-Petersen, Elisabeth$912777$4edt
=942  \\$cBOO
=952  \\$00$10$2ddc$40$6TOP_DK_HEL$70$8TOP$99535$aORPH$bORPH$cKTS0$d2021-01-12$eKoopman$i38F34$l0$oTOP DK.HEL$p20122347$r2021-01-12 00:00:00$w2021-01-12$yBOO$OKoopman
=999  \\$d9547

