=LDR  00382    a2200121   4500
=001  9551
=020  \\$a0333341538
=100  \\$aMilman, M.$912781
=245  \\$aTrompe-l'oeil Painting
=260  \\$c1982
=942  \\$cBOO
=952  \\$00$10$2ddc$40$6VIS_MILM$70$8VIS$99539$aORPH$bORPH$cKTS1_H$d2021-01-12$eKoopman$i23C38$l0$oVIS MILM$p20128601$r2021-01-12 00:00:00$w2021-01-12$yBOO$OKoopman
=999  \\$c9551$d9551

