=LDR  00992cam a2200241 i 4500
=001  9561
=005  20250120120151.0
=008  760513s1974\\\\sz\a\\\\\b\\\\001\0\fre\\
=015  \\$aSw74-A-5575
=020  \\$a2826605208 :$c120F
=040  \\$aOI
=100  \\$aMirimonde, Albert P. de$912788
=245  10$aSainte Cécile :$bmétamorphoses d'un thème musical : [reproductions /$céd.,] Albert P. de Mirimonde.
=260  \\$aGenève :$bMinkoff,$c1974.
=300  \\$a203 p. :$bchiefly ill. ;$c28 cm.
=490  0\$aIconographie musicale ; 3
=504  \\$aBibliography: p. 11.
=650  \0$aIconography$1http://www.wikidata.org/entity/Q208145$921259
=600  \0$aCecilia$cSaint $d200-230$1http://www.wikidata.org/entity/Q80513$921968
=650  \0$aSaint$1http://www.wikidata.org/entity/Q43115$93374
=942  \\$cBOO
=952  \\$00$10$2ddc$40$6VIS_MIRI$70$8VIS$99549$aORPH$bORPH$cKTS1_H$d2021-01-12$eKoopman$i25E21$l0$oVIS MIRI$p20129352$r2021-01-12 00:00:00$w2021-01-12$yBOO$OKoopman
=999  \\$c9561$d9561

