=LDR  00983cam a2200229 a 4500
=001  9567
=005  20251003085458.0
=008  840608s1984\\\\it\fh\\\\bc\\\001\0\ita\\
=020  \\$a8822231457 (pbk.)
=040  \\$aOI
=100  \\$aMischiati, Oscar$912792
=245  10$aIndici, cataloghi e avvisi degli editori e librai musicali italiani dal 1591 al 1798 /$cOscar Mischiati.
=260  \\$aFlorence$bOlschki$c1984.
=300  \\$a553 p., 16 p. of plates :$bfacsims. ;$c25 cm.
=650  \0$aMusic$92062
=650  \0$aCatalogue$1http://www.wikidata.org/entity/Q2352616$921484
=942  \\$cBOO
=952  \\$00$10$40$70$99555$aORPH$bORPH$cLOC_UNK$d2021-01-12$l0$p20126972$r2021-01-12 00:00:00$w2021-01-12$yTYPE_UNK$OKoopman
=999  \\$c9567$d9567
=490  \\$aProgramma di studi e ricerche sulla cultura e la vita civile del Settecento in Emilia-Romagna promosso dalla Regione.$v1
=490  \\$aStudi e testi per la storia della musica ;$v2
=651  \0$aItaly$1http://www.wikidata.org/entity/Q38$922

