=LDR  00896aam a2200217   4500
=001  9569
=005  20250925143258.0
=008  241218s1993\\\\|||a||||\||||\00|\0\ger\d
=041  \\$ager
=100  \\$aMischke, C.$912793$4art
=245  \\$aEx Libris
=260  \\$c1993$aMünchen
=300  \\$a157 pages$bill.
=561  \\$aWith an autopgraph dedication to TK by the artist
=648  \0$a20th Century (1901-2000)$1http://www.wikidata.org/entity/Q6927$920936
=650  \0$aBookplate$1http://www.wikidata.org/entity/Q188456$926750
=650  \0$aFine art$1http://www.wikidata.org/entity/Q219625$921579
=700  \\$aHeiden, Rüdiger an der$1http://www.wikidata.org/entity/Q125296840$4wam$925000
=942  \\$cBOO
=952  \\$00$10$2ddc$40$6BIB_1_000000000000000_MISC$70$8BIB$99557$aORPH$bORPH$cKTS0$d2021-01-12$eKoopman$i41D36$l0$oBIB1  MISC$p20120136$r2021-01-12 00:00:00$w2021-01-12$yBOO$OKoopman
=999  \\$d9569

