=LDR  00308    a2200109   4500
=001  9576
=100  \\$aMoens, Karel$912799
=245  \\$aSpielleute und Musikanten in der
=260  \\$c1986
=942  \\$cBOO
=952  \\$00$10$2ddc$40$70$99564$aORPH$bORPH$d2021-01-12$l0$r2021-01-12 00:00:00$w2021-01-12$yBOO$OKoopman
=999  \\$c9576$d9576

