=LDR  00891aam a2200193   4500
=001  9581
=008  250407s1976\\\\|||acog|\||||\001\0dger\d
=020  \\$a3782901851
=041  \\$ager
=100  \\$aMohr, Albert Richard$d1911-1992$1http://www.wikidata.org/entity/Q4711102$912803$4aut
=245  \\$aMusikleben in Frankfurt am Main.$bEin Beitrag zur Musikgeschichte vom 11. bis zum 20. Jahrhundert
=260  \\$c1976$aFrankfurt am Main$bWaldemar Kramer
=300  \\$a405 pages
=648  \0$aPast$1http://www.wikidata.org/entity/Q192630$922196
=650  \0$aMusic history$1http://www.wikidata.org/entity/Q846047$921373
=651  \0$aFrankfurt am Main (Germany)$1http://www.wikidata.org/entity/Q1794$921575
=942  \\$cBOO
=952  \\$00$10$2ddc$40$6TOP_DE_FRA1$70$8TOP$99569$aORPH$bORPH$cKTS0$d2021-01-12$eKoopman$i20C43$l0$oTOP DE.FRA1$p20128070$r2021-01-12 00:00:00$w2021-01-12$yBOO$OKoopman
=999  \\$d9581

