=LDR  01294aam a2200217   4500
=001  9583
=008  230629s1955\\\\|||g||||\||||\00|\0\ger\d
=041  \\$ager
=100  \\$aMohr, P.$4aut$912805
=245  \\$aDie Handschrift B 211-215 der Proske-Bibliothek zu Regensburg:$bmit kurzer Beschreibung der Handschriften B 216-219 und B 220-222
=260  \\$c1955$aKassel$bBärenreiter
=300  \\$a39-[4] pages
=490  \\$aSchriften des Landesinstituts für Musikforschung Kiel$v7
=500  \\$aDie bischöfliche Bibliothek Proske zu Regensburg bewahrt in ihrer Sammlung Butsch unter der Signatur B 211-215 ein aus 5 Stimmbüchern (Diskant, Alt, Tenor, Vagans, Bass) bestehendes Manuskript, das ein buntes Gemisch von 82 Motettenkompositionen des beginnenden 16. Jahrhunderts enthält.
=648  \0$a16th Century (1501-1600)$1http://www.wikidata.org/entity/Q7017$920944
=650  \0$1http://www.wikidata.org/entity/Q87167$aManuscript$92275
=650  \0$1http://www.wikidata.org/entity/Q846047$aMusic history$921373
=650  \0$aVocal music$1http://www.wikidata.org/entity/Q685884$93319
=942  \\$cBOO
=952  \\$00$10$2ddc$40$6BIB_4_000000000000000_DE_REG$70$8BIB$99571$aORPH$bORPH$cKTS0$d2021-01-12$eKoopman$i34A24$l0$oBIB4 DE.REG$p20122637$r2021-01-12 00:00:00$w2021-01-12$yBOO$OKoopman
=999  \\$d9583

