=LDR  01339cam a2200289 a 4500
=001  9589
=005  20250605143419.0
=008  900801s1986\\\\ne\a\\\\\c\\\\000\0\dut\\
=020  \\$a9067071242
=040  \\$aOI
=041  0\$adut$beng
=245  00$aHuisraad van een molenaarsweduwe:$bgebruiksvoorwerpen uit een 16de-eeuwse boedelinventaris
=260  \\$aRotterdam$bMuseum Boymans-Van Beuningen$aAmsterdam$bBataafsche Leeuw$c1986
=300  \\$a122 pages$billustrations (some color)$c30 cm
=490  \\$aDe Eeuw van de beeldenstorm
=590  \\$aonder redactie van J.R. ter Molen, A.P.E. Ruempol, A.G.A. van Dongen ; [Engelse vertaling, G. van Dam].
=648  \0$a16th Century (1501-1600)$1http://www.wikidata.org/entity/Q7017$920944
=650  \0$aApplied arts$1http://www.wikidata.org/entity/Q2865882$921627
=650  \0$aInterior design$1http://www.wikidata.org/entity/Q179232$921367
=650  \0$aWindmills$1http://www.wikidata.org/entity/Q38720$93382
=651  \0$aLeiden (Netherlands)$1http://www.wikidata.org/entity/Q43631$978
=700  \\$aMolen, Johannes Rein ter$d1947-$4edt$912808
=700  \\$aRuempol, A. P. E.$912809$4edt
=700  \\$aDongen, A. G. A. van$912810$4edt
=942  \\$cBOO
=952  \\$00$10$40$70$99577$aORPH$bORPH$cLOC_UNK$d2021-01-12$l0$p20125190$r2021-01-12 00:00:00$w2021-01-12$yTYPE_UNK$OKoopman
=999  \\$d9589

