=LDR  00557    a2200157   4500
=001  9594
=008  210308s1962\\\\be\|||||\||||\00|\0\dut\d
=041  \\$adut
=100  \\$aMolenaar, Johan de$4aut$912812
=245  \\$aMuzikale vlinders vangen
=260  \\$c1962$aUtrecht$bBruna
=300  \\$a192 pages
=942  \\$cBOO
=952  \\$00$10$2ddc$40$6TRE_MOLE$70$8TRE$99582$aORPH$bORPH$cKTS1_H$d2021-01-12$eKoopman$i22F19$l0$oTRE MOLE$p20128839$r2021-01-12 00:00:00$w2021-01-12$yBOO
=999  \\$c9594$d9594
=650  \0$aMusic criticism$1http://www.wikidata.org/entity/Q11748889$921598

