=LDR  00418    a2200121   4500
=001  9595
=020  \\$a3779685116
=100  \\$aMolesworth, H. D.$912813
=245  \\$aMeisterwerke der Möbelkunst aus drei Jahrhunderten
=260  \\$c1972
=942  \\$cBOO
=952  \\$00$10$2ddc$40$6VIS_MOLE$70$8VIS$99583$aORPH$bORPH$cKTS1_H$d2021-01-12$eKoopman$i20G16$l0$oVIS MOLE$p20128172$r2021-01-12 00:00:00$w2021-01-12$yBOO$OKoopman
=999  \\$c9595$d9595

