=LDR  01186cam a2200253 a 4500
=001  9600
=008  920422s1990\\\\fr\af\\\\\\\\\000\0dmul\\
=041  \\$afre$aoci
=100  \\$aMonestier, Jean$d1930-1992$1http://www.wikidata.org/entity/Q9385127$912818$4aut
=245  10$aTroubadours oubliés en Périgord
=260  \\$aLe Bugue$bPLB$c1990
=300  \\$a66 pages
=490  \\$aCollection Centaurée
=648  \0$aMiddle Ages (500-1400)$1http://www.wikidata.org/entity/Q12554$920964
=650  \0$aPoetry$1http://www.wikidata.org/entity/Q482$93026
=650  \0$aTroubadour$1http://www.wikidata.org/entity/Q186370$940259
=650  \0$aSinger$1http://www.wikidata.org/entity/Q177220$93915
=650  \0$aBiography$1http://www.wikidata.org/entity/Q36279$91927
=650  \0$aNobility$1http://www.wikidata.org/entity/Q134737$93602
=650  \0$aMusic history$1http://www.wikidata.org/entity/Q846047$921373
=651  \0$aPérigord (France)$1http://www.wikidata.org/entity/Q850620$9128
=942  \\$cBOO
=952  \\$00$10$2ddc$40$6TOP_FR_PER2_3_000000000000000$70$8TOP$99588$aORPH$bORPH$cKTS0$d2021-01-12$i34D23$l0$oTOP FR.PER2 3$p20120840$r2021-01-12 00:00:00$w2021-01-12$yBOO$OKoopman
=999  \\$d9600

