=LDR  00371    a2200109   4500
=001  9603
=100  \\$aMonn, Georg Matthias$d1717-1750$4cmp$912820
=245  \\$aWiener Instrumentalmusik vor und um 1750 vorläufer
=260  \\$c1959
=942  \\$cSCO
=952  \\$00$10$40$70$8SCO$99591$aORPH$bORPH$cKTS1_P$d2021-01-12$l0$p20121809$r2021-01-12 00:00:00$w2021-01-12$ySCO$OW.1030-39
=999  \\$c9603$d9603

