=LDR  00798cam a2200229 p 4500
=001  9604
=005  20211001160119.0
=008  770810s1977\\\\ne\a\\\\\\\\\\001\0\dut\\
=015  \\$aNe77-12
=020  \\$a9025901069 :$cfl 29.50
=040  \\$aOI
=100  1\$aMönnich, C. W.
=245  14$aHet Woord in beeld :$bvijf eeuwen bijbel in het dagelijkse leven /$cC. W. Mönnich, Michel van der Plas.
=260  \\$aBaarn :$bten Have,$c1977.
=300  \\$a184 p. :$bill. ;$c32 cm.
=500  \\$aIncludes indexes.
=630  \0$aBible$xIllustrations.
=650  \0$aChristian art and symbolism.
=700  1\$aPlas, Michel van der,$d1927-$ejoint author.
=952  \\$00$10$40$70$99592$aORPH$bORPH$cLOC_UNK$d2021-01-12$l0$p20129416$r2021-01-12 00:00:00$w2021-01-12$yTYPE_UNK$OKoopman
=999  \\$c9604$d9604
=942  \\$cBOO

