=LDR  00360    a2200109   4500
=001  9605
=100  \\$aMonnikendam, M.$912821
=245  \\$aBrieven van beroemde componisten
=260  \\$c19xx
=942  \\$cBOO
=952  \\$00$10$2ddc$40$6GHM_0_000000000000000$70$8GHM$99593$aORPH$bORPH$cKM12_1$d2021-01-12$l0$oGHM 0$p20128848$r2021-01-12 00:00:00$w2021-01-12$yTYPE_UNK
=999  \\$c9605$d9605

