=LDR  01502aam a2200301   4500
=001  9610
=008  250623s1998\\\\|||oag||\b|||\001\0\eng\d
=020  \\$a9780914913405
=041  \\$aeng
=245  \\$aMinstrels & Angels.$bCarvings of Musicians in Medieval English Churches
=260  \\$c1998$aBerkeley, California$bFallen Leaf Press
=300  \\$axiii-144 pages
=490  \\$aFallen Leaf reference books in music$v33
=648  \0$aMiddle Ages (500-1400)$1http://www.wikidata.org/entity/Q12554$920964
=650  \0$aSculpture$1http://www.wikidata.org/entity/Q860861$92483
=650  \0$aChurch$1http://www.wikidata.org/entity/Q16970$93776
=650  \0$aArchitecture$1http://www.wikidata.org/entity/Q12271$93185
=650  \0$aInterior design$1http://www.wikidata.org/entity/Q179232$921367
=650  \0$aApplied arts$1http://www.wikidata.org/entity/Q2865882$921627
=650  \0$aMusical Instrument$1http://www.wikidata.org/entity/Q8614972$940212
=650  \0$aMusician$1http://www.wikidata.org/entity/Q639669$93574
=651  \0$aUnited Kingdom$1http://www.wikidata.org/entity/Q21$1http://www.wikidata.org/entity/Q145$9273
=700  \\$aMontagu, Jeremy$1http://www.wikidata.org/entity/Q76186055$4aut$99645
=700  \\$aMontagu, Gwen$4aut$940434
=700  \\$aNicewronger, C. R.$4pht$940435
=942  \\$cBOO
=952  \\$00$10$2ddc$40$6TOP_GB_3_000000000000000$70$8TOP$99598$aORPH$bORPH$cKTS0$d2021-01-12$eKoopman$i29F29$l0$oTOP GB 3$p20121253$r2021-01-12 00:00:00$w2021-01-12$yBOO$OKoopman
=999  \\$d9610

