=LDR  02072ccm a2200397 i 4500
=001  9620
=005  20250121142125.0
=008  190729s1978\\\\wiucta|\\chi\\\n\\|\fre\\
=016  7\$a004532974$2Uk
=020  \\$a0895791064
=020  \\$a9780895791061
=040  \\$aOI$beng$erda
=041  1\$dfre$eeng$nfre$geng
=045  0\$bd1728
=048  \\$avn02$ake
=084  \\$2rvk
=100  \\$aMontéclair, Michel Pignolet de$d1667-1737$4cmp$1http://www.wikidata.org/entity/Q487175$95604
=245  00$aCantatas for One and Two Voices
=264  \1$aMadison, WI$bA-R Editions$c1978
=300  \\$axxvi pages, score (169 pages), 1 unnumbered leaf of plates :$bfacsimiles ;$c31 cm.
=336  \\$anotated music$bntm$2rdacontent
=337  \\$aunmediated$bn$2rdamedia
=338  \\$avolume$bnc$2rdacarrier
=380  \\$aCantatas$2lcgft
=490  1\$aRecent Researches in the Music of the Baroque Era$v29-30
=505  0\$aLes delices champestres, a deux voix -- L'heureux moment, cantate a voix seule -- Ariane et Bachus, cantate a voix seule avec une flute ou un violon -- Sur un arbrisseau, a voix seule -- La bergere, cantate a voix seule avec une flute et un violon -- Tircis et Climene, a deux voix, dessus et basse, avec un violon ou une flute -- Le songe, cantate a voix seule -- Europe, cantate a voix seule avec un violon ou une flute -- La morte di Lucretia, cantata a voce sola con due violini e il basso.
=546  \\$aFrench words, with English translations printed as text.
=648  \0$a18th Century (1701-1800)$1http://www.wikidata.org/entity/Q7015$920899
=650  \0$aDuet$1http://www.wikidata.org/entity/Q109940$92394
=650  \0$aCantata$1http://www.wikidata.org/entity/Q174873$921603
=651  \0$aFrance$1http://www.wikidata.org/entity/Q142$9131
=700  \\$aAkmajian, Diran$4edt$912832
=700  \\$aAnthony, James R.$d1922-2001$4edt$1http://www.wikidata.org/entity/Q104502209$912833
=942  \\$cSCO
=952  \\$00$10$40$70$8SCO$99608$aORPH$bORPH$cKTS1_P$d2021-01-12$l0$p20121877$r2021-01-12 00:00:00$w2021-01-12$ySCO$OW.2703
=999  \\$c9620$d9620

