=LDR  01223ccm a2200277 a 4500
=001  9626
=005  20250120120011.0
=008  851218r19861927nyumda\\\iz\\\\n\\\\ita\\
=020  \\$a0486251020 (pbk.) :$c$11.95
=040  \\$aOI
=041  1\$aita$eitaeng$hita$geng
=048  \\$avn05
=048  \\$aca05
=100  \\$aMonteverdi, Claudio$d1567-1643$4cmp$1http://www.wikidata.org/entity/Q53068$910794
=240  10$9766$aMadrigals,$nbook 4
=245  00$aMadrigals, books IV and V /$cClaudio Monteverdi ; edited by Gian Francesco Malipiero ; with a preface and new literal translations of the texts by Stanley Appelbaum.
=260  \\$aNew York :$bDover,$c1986.
=300  \\$a1 score (xxv, 236 p.) ;$c28 cm.
=650  \0$aMadrigal$1http://www.wikidata.org/entity/Q193217$921649
=700  \\$aMalipiero, Gian Francesco,$d1882-1973.$912852
=700  \\$aAppelbaum, Stanley$912853
=700  \2$aMonteverdi, Claudio$d1567-1643$1http://www.wikidata.org/entity/Q53068$910794
=856  \\$uhttp://www.loc.gov/catdir/description/dover032/85755372.html$3Publisher description
=942  \\$cSCO
=952  \\$00$10$40$70$8SCO$99614$aORPH$bORPH$cKTS1_P$d2021-01-12$l0$p20124082$r2021-01-12 00:00:00$w2021-01-12$ySCO$OW.1189
=999  \\$c9626$d9626

