=LDR  01756cam a2200349 i 4500
=001  9630
=005  20250120120151.0
=008  801117s1981\\\\miug\\\\\b\\\\001\0\eng\\
=020  \\$a0835711439 (set) :$c$59.95
=020  \\$a0835711447 (vol. 1)
=020  \\$a0835711455 (vol. 2)
=040  \\$aOI
=041  \\$aeng
=100  \\$aMoore, James Harold$910144$4aut
=245  10$aVespers at St. Mark's:$bMusic of Alessandro Grandi, Giovanni Rovetta, and Francesco Cavalli
=260  \\$aAnn Arbor, MI$bUMI Research Press$c1981
=300  \\$a2 volumes$bmusic$c24-29 cm
=490  \\$aStudies in Musicology$v30
=504  \\$aBibliography: p. [371]-384 (v. 1)
=600  \0$aGrandi, Alessandro$d1590-1630$1http://www.wikidata.org/entity/Q948575$910145
=600  \0$aRovetta, Giovanni$dc. 1596-1668$1http://www.wikidata.org/entity/Q1526347$910146
=600  \0$aCavalli, Francesco$d1602-1676$1http://www.wikidata.org/entity/Q108062$911153
=610  \0$aBasilica di San Marco (Venice, Italy)$1http://www.wikidata.org/entity/Q172988$920989
=648  \0$a17th Century (1601-1700)$1http://www.wikidata.org/entity/Q7016$920923
=650  \0$aChurch music$1http://www.wikidata.org/entity/Q8812109$92283
=650  \0$aVespers$1http://www.wikidata.org/entity/Q827135$93370
=650  \0$aMusic history$1http://www.wikidata.org/entity/Q846047$921373
=651  \0$aVenice (Italy)$1http://www.wikidata.org/entity/Q641$91
=942  \\$cBOO
=952  \\$00$10$40$6TOP_IT_VEN_5_000000000000000$70$8TOP$96534$aORPH$bORPH$cKTS0$d2021-01-12$l0$oTOP IT.VEN 5$p20129162$r2021-01-12 00:00:00$w2021-01-12$yBOO
=952  \\$00$10$40$6TOP_IT_VEN_5_000000000000000$70$8TOP$99618$aORPH$bORPH$cKTS0$d2021-01-12$l0$oTOP IT.VEN 5$p20129163$r2021-01-12 00:00:00$w2021-01-12$yBOO
=999  \\$d9630

