=LDR  01261aam a2200265   4500
=001  9637
=008  250127s1984\\\\|||ofae|\||||\00|\0|ger\d
=100  \\$aMorand, Pater$d1936-2010$939572
=245  \\$aUnterwegs.$bVerborgene Schätze im Tauber-, Jagst- und Kochertal
=250  \\$a2nd. ed
=260  \\$c1984
=300  \\$a344-[5] pages
=534  \\$aVerborgene Schätze - Christliche Kunst aus 10 Jahrhunderte im Tauber-, Jagst- und Kochertal
=650  \0$aArchitecture$1http://www.wikidata.org/entity/Q12271$93185
=650  \0$aInterior design$1http://www.wikidata.org/entity/Q179232$921367
=650  \0$aFine art$1http://www.wikidata.org/entity/Q219625$921579
=650  \0$aChurch$1http://www.wikidata.org/entity/Q16970$93776
=650  \0$aIconography$1http://www.wikidata.org/entity/Q208145$921259
=650  \0$aReligion$1http://www.wikidata.org/entity/Q9174$93062
=650  \0$aApplied arts$1http://www.wikidata.org/entity/Q2865882$921627
=651  \0$aGermany$1http://www.wikidata.org/entity/Q183$9155
=700  \\$aBesserer, Günter$4pht$939571
=942  \\$cBOO
=952  \\$00$10$2ddc$40$6TOP_DE_0_000000000000000$70$8TOP$99625$aORPH$bORPH$cKTS0$d2021-01-12$eKoopman$i29F03$l0$oTOP DE 0$p20121279$r2021-01-12 00:00:00$w2021-01-12$yBOO$OKoopman
=999  \\$d9637

