=LDR  00781aam a2200193   4500
=001  9645
=008  250516s1985\\\\|||\||||\b|||\001\0dspa\d
=020  \\$a8420685046
=041  \\$aspa
=100  \\$aMoreno, Aurea Domínguez$912869$4aut
=245  \\$aHistoria de la música española$n4/7$pSiglo XVIII
=260  \\$c1985$aMadrid$bAlianza
=300  \\$a504 pages
=648  \0$a18th Century (1701-1800)$1http://www.wikidata.org/entity/Q7015$920899
=650  \0$aMusic history$1http://www.wikidata.org/entity/Q846047$921373
=651  \0$aSpain$1http://www.wikidata.org/entity/Q29$920983
=942  \\$cBOO
=952  \\$00$10$2ddc$40$6TOP_ES_5_000000000000000$70$8TOP$99633$aORPH$bORPH$cKTS0$d2021-01-12$eKoopman$i20C13$l0$oTOP ES 5$p20128100$r2021-01-12 00:00:00$w2021-01-12$yBOO$OKoopman
=999  \\$d9645

