=LDR  02077aam a2200349   4500
=001  9654
=008  250505s1967\\\\|||j||||\bm||\001\0dger\d
=041  \\$ager
=100  \\$aMoser, Dietz-Rüdiger$d1939-2010$1http://www.wikidata.org/entity/Q1224246$915035
=245  \\$aMusikgeschichte der Stadt Quedlinburg.$bVon der Reformation bis zur Auflösung des Stiftes (1539-1802). Beiträge zu einer Musikgeschichte des Harzraumes.
=260  \\$c1967$aGöttingen
=300  \\$a632-[20 folded] pages
=590  \\$aDissertation zur Erlangung des Doktorgrades der Philosophischen Fakultät der Georg-August-Universität zu Göttingen
=610  \0$aQuedlinburg Abbey (Germany)$1http://www.wikidata.org/entity/Q829708$940131
=648  \0$a16th Century (1501-1600)$1http://www.wikidata.org/entity/Q7017$920944
=648  \0$a17th Century (1601-1700)$1http://www.wikidata.org/entity/Q7016$920923
=648  \0$a18th Century (1701-1800)$1http://www.wikidata.org/entity/Q7015$920899
=650  \0$aMusic history$1http://www.wikidata.org/entity/Q846047$921373
=650  \0$aCantor$1http://www.wikidata.org/entity/Q330679$923204
=650  \0$aOrganist$1http://www.wikidata.org/entity/Q765778$94471
=650  \0$aMonastery$1http://www.wikidata.org/entity/Q44613$926216
=650  \0$aOrgan$1http://www.wikidata.org/entity/Q1444$92810
=650  \0$aGenealogy$1http://www.wikidata.org/entity/Q47307$921635
=650  \0$aStadtpfeifer$1http://www.wikidata.org/entity/Q1412422$924631
=650  \0$aMusician$1http://www.wikidata.org/entity/Q639669$93574
=650  \0$aKantorat$1http://www.wikidata.org/entity/Q104743809$939748
=650  \0$aInstrumentalist$1http://www.wikidata.org/entity/Q1278335$921706
=651  \0$aQuedlinburg (Germany)$1http://www.wikidata.org/entity/Q40623$923722
=651  \0$a Harz (Germany, Landkreis) 	$1http://www.wikidata.org/entity/Q6087$940130
=942  \\$cDIS
=952  \\$00$10$2ddc$40$6TOP_DE_QUE_4_000000000000000$70$8TOP$99642$aORPH$bORPH$cKTS0$d2021-01-12$eKoopman$i18F32$l0$oTOP DE.QUE 4$p20127769$r2021-01-12 00:00:00$w2021-01-12$yDIS$OKoopman
=999  \\$d9654

