=LDR  00922aam a2200205   4500
=001  9655
=008  250505s1994\\\\|||aofg|\b|||\001\0dger\d
=020  \\$a3431033253
=041  \\$ager
=100  \\$aMoser, Dietz-Rüdiger$d1939-2010$1http://www.wikidata.org/entity/Q1224246$915035$4aut
=245  \\$a1000 Jahre Musik in Quedlinburg.$bEin kulturgeschichtlicher Grundriss
=260  \\$c1994$aMünchen$bEhrenwirth
=300  \\$a288 ages
=648  \0$aPast$1http://www.wikidata.org/entity/Q192630$922196
=650  \0$aMusic history$1http://www.wikidata.org/entity/Q846047$921373
=650  \0$aCultural history$1http://www.wikidata.org/entity/Q858517$922395
=651  \0$aQuedlinburg (Germany)$1http://www.wikidata.org/entity/Q40623$923722
=942  \\$cBOO
=952  \\$00$10$2ddc$40$6TOP_DE_QUE$70$8TOP$99643$aORPH$bORPH$cKTS0$d2021-01-12$eKoopman$i46C34$l0$oTOP DE.QUE$p20127627$r2021-01-12 00:00:00$w2021-01-12$yBOO$OKoopman
=999  \\$d9655

