=LDR  00448aca a2200121   4500
=001  9665
=008  211104s1899\\\\\\\||l||\||||\00|\0\\\\\d
=100  \\$aMouton, Jean$d1459-1522$4cmp$1http://www.wikidata.org/entity/Q1660965$912882
=245  \\$aLes maîtres musiciens de la Renaissance française
=260  \\$c1899
=942  \\$cSCO
=952  \\$00$10$40$70$8SCO$99653$aORPH$bORPH$cKTS1_P$d2021-01-12$l0$p20124269$r2021-01-12 00:00:00$w2021-01-12$ySCO$OW.2343
=999  \\$d9665

