=LDR  00393acm a2200121   4500
=001  9680
=005  20251002105348.0
=100  \\$aMozart, Wolfgang Amadeus$d1756-1791$1http://www.wikidata.org/entity/Q254$95341$4cmp
=245  \\$aSinfonien
=260  \\$cKV.162
=942  \\$cBOO
=952  \\$00$10$2ddc$40$70$99668$aORPH$bORPH$cLOC_UNK$d2021-01-12$l0$p20123275$r2021-01-12 00:00:00$w2021-01-12$ySCO$OKoopman
=999  \\$d9680

