=LDR  00395aam a2200121   4500
=001  9681
=005  20251002105417.0
=100  \\$aMozart, Wolfgang Amadeus$d1756-1791$1http://www.wikidata.org/entity/Q254$95341$4cmp
=245  \\$aSinfonien
=260  \\$cKV.201-2
=942  \\$cSCO
=952  \\$00$10$2ddc$40$70$99669$aORPH$bORPH$cLOC_UNK$d2021-01-12$l0$p20123274$r2021-01-12 00:00:00$w2021-01-12$ySCO$OKoopman
=999  \\$d9681

