=LDR  00388acm a2200121   4500
=001  9682
=005  20251002105441.0
=100  \\$aMozart, Wolfgang Amadeus$d1756-1791$1http://www.wikidata.org/entity/Q254$95341
=245  \\$aSinfonien
=260  \\$cKV.204
=942  \\$cSCO
=952  \\$00$10$2ddc$40$70$99670$aORPH$bORPH$cLOC_UNK$d2021-01-12$l0$p20123271$r2021-01-12 00:00:00$w2021-01-12$ySCO$OKoopman
=999  \\$d9682

