=LDR  00365    a2200109   4500
=001  9683
=100  \\$aMozart, Wolfgang Amadeus$d1756-1791$1http://www.wikidata.org/entity/Q254$95341
=245  \\$aSinfonien
=260  \\$cKV.543
=942  \\$cBOO
=952  \\$00$10$40$70$99671$aORPH$bORPH$cLOC_UNK$d2021-01-12$l0$p20123279$r2021-01-12 00:00:00$w2021-01-12$yTYPE_UNK$OKoopman
=999  \\$c9683$d9683

