=LDR  00389acm a2200109   4500
=001  9684
=005  20251002103526.0
=100  \\$aMozart, Wolfgang Amadeus$d1756-1791$1http://www.wikidata.org/entity/Q254$95341
=245  \\$aKassationen, Serenaden und Divert
=942  \\$cSCO
=952  \\$00$10$40$70$99672$aORPH$bORPH$cLOC_UNK$d2021-01-12$l0$p20123272$r2021-01-12 00:00:00$w2021-01-12$yTYPE_UNK$OKoopman
=999  \\$d9684

