=LDR  00368    a2200109   4500
=001  9687
=100  \\$aMozart, Wolfgang Amadeus$d1756-1791$1http://www.wikidata.org/entity/Q254$95341
=245  \\$aHornkonzerte
=260  \\$cKV.417
=942  \\$cBOO
=952  \\$00$10$40$70$99675$aORPH$bORPH$cLOC_UNK$d2021-01-12$l0$p20123269$r2021-01-12 00:00:00$w2021-01-12$yTYPE_UNK$OKoopman
=999  \\$c9687$d9687

