=LDR  00371    a2200109   4500
=001  9690
=100  \\$aMozart, Wolfgang Amadeus$d1756-1791$4cmp$1http://www.wikidata.org/entity/Q254$95341
=245  \\$aMessen
=260  \\$c1983
=942  \\$cSCO
=952  \\$00$10$40$70$8SCO$99678$aORPH$bORPH$cKTS1_P$d2021-01-12$l0$p20121567$r2021-01-12 00:00:00$w2021-01-12$ySCO$OW.0946-I:1:1:5
=999  \\$c9690$d9690

