=LDR  00416    a2200121   4500
=001  9692
=020  \\$a41851536259
=100  \\$aMozart, Wolfgang Amadeus$d1756-1791$4cmp$1http://www.wikidata.org/entity/Q254$95341
=245  \\$aVespern und Vesperpsalmen
=260  \\$c1959
=942  \\$cSCO
=952  \\$00$10$40$70$8SCO$99680$aORPH$bORPH$cKTS1_P$d2021-01-12$l0$p20121566$r2021-01-12 00:00:00$w2021-01-12$ySCO$OW.0946-I:2:2
=999  \\$c9692$d9692

