=LDR  00379    a2200109   4500
=001  9693
=100  \\$aMozart, Wolfgang Amadeus$d1756-1791$4cmp$1http://www.wikidata.org/entity/Q254$95341
=245  \\$aDavide penitente
=260  \\$c1987
=942  \\$cSCO
=952  \\$00$10$40$70$8SCO$99681$aORPH$bORPH$cKTS1_P$d2021-01-12$l0$p20121565$r2021-01-12 00:00:00$w2021-01-12$ySCO$OW.0946-I:4:3
=999  \\$c9693$d9693

