=LDR  00384    a2200109   4500
=001  9694
=100  \\$aMozart, Wolfgang Amadeus$d1756-1791$4cmp$1http://www.wikidata.org/entity/Q254$95341
=245  \\$aLa clemenza di Tito
=260  \\$c1970
=942  \\$cSCO
=952  \\$00$10$40$70$8SCO$99682$aORPH$bORPH$cKTS1_P$d2021-01-12$l0$p20121579$r2021-01-12 00:00:00$w2021-01-12$ySCO$OW.0946-II:5:20
=999  \\$c9694$d9694

