=LDR  00389    a2200109   4500
=001  9695
=100  \\$aMozart, Wolfgang Amadeus$d1756-1791$4cmp$1http://www.wikidata.org/entity/Q254$95341
=245  \\$aThamos König in Ägypten
=260  \\$c1956
=942  \\$cSCO
=952  \\$00$10$40$70$8SCO$99683$aORPH$bORPH$cKTS1_P$d2021-01-12$l0$p20121578$r2021-01-12 00:00:00$w2021-01-12$ySCO$OW.0946-II:6:1
=999  \\$c9695$d9695

