=LDR  00381    a2200109   4500
=001  9702
=100  \\$aMozart, Wolfgang Amadeus$d1756-1791$4cmp$1http://www.wikidata.org/entity/Q254$95341
=245  \\$aSinfonien Band 6
=260  \\$c1970
=942  \\$cSCO
=952  \\$00$10$40$70$8SCO$99690$aORPH$bORPH$cKTS1_P$d2021-01-12$l0$p20121585$r2021-01-12 00:00:00$w2021-01-12$ySCO$OW.0946-IV:11:6
=999  \\$c9702$d9702

