=LDR  00381    a2200109   4500
=001  9703
=100  \\$aMozart, Wolfgang Amadeus$d1756-1791$4cmp$1http://www.wikidata.org/entity/Q254$95341
=245  \\$aSinfonien Band 7
=260  \\$c1959
=942  \\$cSCO
=952  \\$00$10$40$70$8SCO$99691$aORPH$bORPH$cKTS1_P$d2021-01-12$l0$p20121584$r2021-01-12 00:00:00$w2021-01-12$ySCO$OW.0946-IV:11:7
=999  \\$c9703$d9703

