=LDR  00426    a2200109   4500
=001  9707
=100  \\$aMozart, Wolfgang Amadeus$d1756-1791$4cmp$1http://www.wikidata.org/entity/Q254$95341
=245  \\$aKassationen, Serenaden und Divertimenti für Orchester Band 2
=260  \\$c1961
=942  \\$cSCO
=952  \\$00$10$40$70$8SCO$99695$aORPH$bORPH$cKTS1_P$d2021-01-12$l0$p20121594$r2021-01-12 00:00:00$w2021-01-12$ySCO$OW.0946-IV:12:2
=999  \\$c9707$d9707

