=LDR  00426    a2200109   4500
=001  9709
=100  \\$aMozart, Wolfgang Amadeus$d1756-1791$4cmp$1http://www.wikidata.org/entity/Q254$95341
=245  \\$aKassationen, Serenaden und Divertimenti für Orchester Band 4
=260  \\$c1977
=942  \\$cSCO
=952  \\$00$10$40$70$8SCO$99697$aORPH$bORPH$cKTS1_P$d2021-01-12$l0$p20121592$r2021-01-12 00:00:00$w2021-01-12$ySCO$OW.0946-IV:12:4
=999  \\$c9709$d9709

