=LDR  00426    a2200109   4500
=001  9710
=100  \\$aMozart, Wolfgang Amadeus$d1756-1791$4cmp$1http://www.wikidata.org/entity/Q254$95341
=245  \\$aKassationen, Serenaden und Divertimenti für Orchester Band 5
=260  \\$c1981
=942  \\$cSCO
=952  \\$00$10$40$70$8SCO$99698$aORPH$bORPH$cKTS1_P$d2021-01-12$l0$p20121591$r2021-01-12 00:00:00$w2021-01-12$ySCO$OW.0946-IV:12:5
=999  \\$c9710$d9710

