=LDR  00376    a2200109   4500
=001  9715
=100  \\$aMozart, Wolfgang Amadeus$d1756-1791$4cmp$1http://www.wikidata.org/entity/Q254$95341
=245  \\$aKonzert in C
=260  \\$c1983
=942  \\$cSCO
=952  \\$00$10$40$70$8SCO$99703$aORPH$bORPH$cKTS1_P$d2021-01-12$l0$p20121602$r2021-01-12 00:00:00$w2021-01-12$ySCO$OW.0946-V:14:6
=999  \\$c9715$d9715

