=LDR  00397    a2200109   4500
=001  9718
=100  \\$aMozart, Wolfgang Amadeus$d1756-1791$4cmp$1http://www.wikidata.org/entity/Q254$95341
=245  \\$aBarbara Ployers und Franz Jakob F
=260  \\$c1989
=942  \\$cSCO
=952  \\$00$10$40$70$8SCO$99706$aORPH$bORPH$cKTS1_P$d2021-01-12$l0$p20121595$r2021-01-12 00:00:00$w2021-01-12$ySCO$OW.0946-X:30:2
=999  \\$c9718$d9718

