=LDR  00398    a2200109   4500
=001  9720
=100  \\$aMozart, Wolfgang Amadeus$d1756-1791$4cmp$1http://www.wikidata.org/entity/Q254$95341
=245  \\$aDie Entführung aus dem Serail, begin
=260  \\$cKV.384
=942  \\$cSCO
=952  \\$00$10$40$70$8SCO$99708$aORPH$bORPH$cKTS1_P$d2021-01-12$l0$p20124057$r2021-01-12 00:00:00$w2021-01-12$ySCO$OW.1379-a
=999  \\$c9720$d9720

