=LDR  00395    a2200109   4500
=001  9721
=100  \\$aMozart, Wolfgang Amadeus$d1756-1791$4cmp$1http://www.wikidata.org/entity/Q254$95341
=245  \\$aDie Entführung aus dem Serail, slot
=260  \\$c1982
=942  \\$cSCO
=952  \\$00$10$40$70$8SCO$99709$aORPH$bORPH$cKTS1_P$d2021-01-12$l0$p20124056$r2021-01-12 00:00:00$w2021-01-12$ySCO$OW.1379-b
=999  \\$c9721$d9721

