=LDR  00375    a2200109   4500
=001  9722
=100  \\$aMozart, Wolfgang Amadeus$d1756-1791$4cmp$1http://www.wikidata.org/entity/Q254$95341
=245  \\$aConcerto Nr.1
=260  \\$cKV.107
=942  \\$cSCO
=952  \\$00$10$40$70$8SCO$99710$aORPH$bORPH$cKTS1_P$d2021-01-12$l0$p20124030$r2021-01-12 00:00:00$w2021-01-12$ySCO$OW.1636 (2
=999  \\$c9722$d9722

