=LDR  00382    a2200109   4500
=001  9727
=100  \\$aMuffat, Georg$d1653-1704$4cmp$1http://www.wikidata.org/entity/Q170401$97221
=245  \\$aZwölf Toccaten und 72 Versetl
=260  \\$c1960
=942  \\$cSCO
=952  \\$00$10$40$70$8SCO$99715$aORPH$bORPH$cKTS1_P$d2021-01-12$l0$p20121820$r2021-01-12 00:00:00$w2021-01-12$ySCO$OW.1030-58
=999  \\$c9727$d9727

