=LDR  00503    a2200145   4500
=001  9733
=020  \\$a902630692X
=041  \\$adut
=100  \\$aMulder, Etty$d1946-$4aut$914689
=245  \\$aMuziek in spiegelbeeld.$bEssays over muziekfilosofie en dieptepsychologie.
=260  \\$c1985$aBaarn$bAmbo
=300  \\$a111 pages
=942  \\$cBOO$2ddc
=952  \\$00$10$2ddc$40$6AES_MULD$70$8AES$99721$aORPH$bORPH$cKM12_1$d2021-01-12$eKoopman$i23D45$l0$oAES MULD$p20128622$r2021-01-12 00:00:00$w2021-01-12$yBOO
=999  \\$c9733$d9733

