=LDR  00833aam a2200193   4500
=001  9735
=008  240207s2001\\\\|||ao|||\||||\00|\0\spa\d
=020  \\$a8497160185
=041  \\$aspa
=100  \\$aMulet, Antoni$d1943-$1http://www.wikidata.org/entity/Q65204183$4aut$912897
=245  \\$aOrgues de Mallorca
=260  \\$c2001$aPalma de Mallorca$bOlañeta
=300  \\$bbook in box
=590  \\$aFotografies de Justo Gonzalez, Presentació de Gabriel Janer Manila, Pròleg de Rafel de Lacy i Fortuny, Epíleg de Josep M. Llompart
=700  \\$aReynés, Arnau$4aut$927061
=700  \\$aGonzález, Justo$cphotographer$4pht$927062
=942  \\$cBOO
=952  \\$00$10$2ddc$40$6INS_3_000000000000000_1A_ES_MAL$70$99723$aORPH$bORPH$cKTS0$d2021-01-12$eKoopman$i46B06$l0$oINS3.1a ES MAL$p20127621$r2021-01-12 00:00:00$w2021-01-12$yBOO$OKoopman
=999  \\$d9735

