=LDR  00697aam a2200169   4500
=001  9737
=008  250127s1938\\\\|||g||||\||||\00|\0dger\d
=041  \\$ager
=100  \\$aMüller-Blattau, Joseph$d1895-1976$1http://www.wikidata.org/entity/Q96929$917541$4aut
=245  \\$aGeschichte der deutschen Musik
=260  \\$c1938$aBerlin$bDieweg
=300  \\$a318 pages
=650  \0$aMusic history$1http://www.wikidata.org/entity/Q846047$921373
=651  \0$aGermany$1http://www.wikidata.org/entity/Q183$9155
=942  \\$cBOO
=952  \\$00$10$2ddc$40$6TOP_DE_0_000000000000000$70$8TOP$99725$aORPH$bORPH$cKTS0$d2021-01-12$eKoopman$i37D06$l0$oTOP DE 0$p20120552$r2021-01-12 00:00:00$w2021-01-12$yBOO$OKoopman
=999  \\$d9737

