=LDR  01627aam a2200301   4500
=001  9742
=005  20250924165805.0
=008  250311s2003\\\\|||ao|||\be||\00|\0cger\d
=041  \\$ager
=100  \\$aMüller, Harald$939884$4aut
=245  \\$aBiografisch-bibliografisches Lexikon Celler Musiker,$bKomponisten, Sänger, Instrumentalmusiker, Musikpädagogen, Musikwissenschaftler, Intstrumentenbauer, Glockengiesser, Musikverleger, Musikalienhändler und Musiktherapeuten.
=260  \\$c2003$aCelle$bStröger
=300  \\$aviii-383 pages
=490  \\$aCeller Beiträge zur Lanbdes- und Kulturgeschichte Schriftenreihe des Stadtsarchivs und des Bomann-Museums$vBand 31
=650  \0$aEncyclopedia$1http://www.wikidata.org/entity/Q5292$92184
=650  \0$aMusician$1http://www.wikidata.org/entity/Q639669$93574
=650  \0$aMusicologist$1http://www.wikidata.org/entity/Q14915627$92342
=650  \0$aSinger$1http://www.wikidata.org/entity/Q177220$93915
=650  \0$aProfessional$1http://www.wikidata.org/entity/Q702269$923223
=650  \0$aMusic history$1http://www.wikidata.org/entity/Q846047$921373
=650  \0$aMusic teacher$1http://www.wikidata.org/entity/Q16145150$93068
=650  \0$aInstrumentalist$1http://www.wikidata.org/entity/Q1278335$921706
=650  \0$aMusical instrument maker$939886
=650  \0$aBiography$1http://www.wikidata.org/entity/Q36279$91927
=651  \0$aCelle (Germany)$939746
=942  \\$cBOO
=952  \\$00$10$2ddc$40$6TOP_DE_CEL_0_000000000000000$70$8TOP$99730$aORPH$bORPH$cKTS0$d2021-01-12$eKoopman$i25C44$l0$oTOP DE.CEL 0$p20129258$r2021-01-12 00:00:00$w2021-01-12$yBOO$OKoopman
=999  \\$d9742

