=LDR  00349    a2200121   4500
=001  9746
=020  \\$a9789053497081
=100  \\$aMüller, Johannes$912909
=245  \\$aVoorbeeldige busten
=260  \\$c2008
=942  \\$cBOO
=952  \\$00$10$40$70$99734$aORPH$bORPH$cLOC_UNK$d2021-01-12$l0$p20120621$r2021-01-12 00:00:00$w2021-01-12$yTYPE_UNK$OKoopman
=999  \\$c9746$d9746

