=LDR  00951aam a2200205   4500
=001  9754
=008  230224s1969\\\\||||||||\||||\00|\0\ger\d
=041  \\$ager
=100  \\$aMüller, Werner$915479$4aut$d-1924
=245  \\$aAuf den Spuren von Gottfried Silbermann.$bEin Lebensbild des berühmten Orgelbauers
=260  \\$c1969$aBerlin$bEvangelische Verlagsanstalt
=300  \\$a334 pages
=600  \0$aSilbermann, Gottfried$d1683-1753$1http://www.wikidata.org/entity/Q61720$914779
=650  \0$aOrgan$1http://www.wikidata.org/entity/Q1444$92810
=650  \0$aOrganology$1http://www.wikidata.org/entity/Q899293$921400
=650  \0$aBiography$1http://www.wikidata.org/entity/Q36279$91927
=651  \0$aGermany$1http://www.wikidata.org/entity/Q183$9155
=942  \\$cBOO
=952  \\$00$10$2ddc$40$6INS_3_000000000000000_1B_SILB$70$8INS$99742$aORPH$bORPH$cKTS0$d2021-01-12$eKoopman$l0$oINS3.1b SILB$p20123071$r2021-01-12 00:00:00$w2021-01-12$yBOO$OKoopman
=999  \\$d9754

