=LDR  00924nam a2200253 a 4500
=001  9764
=005  20250120115931.0
=008  921009s1991\\\\gw\a\\\\\bc\\\000\0\ger\\
=020  \\$a3926196165
=040  \\$aOI
=100  \\$aMurányi, Róbert$912919
=245  10$aThematisches Verzeichnis der Musiksammlung von Bartfeld (Bártfa) /$cRóbert Árpád Murányi.
=260  \\$aBonn :$bG. Schröder,$cc1991.
=300  \\$axxxv, 446 p. :$bill. ;$c25 cm.
=504  \\$aIncludes bibliographical references (p. 283-287).
=610  \0$aOrszágos Széchényi Könyvtár$91480
=650  \0$aMusic$92062
=650  \0$aMusic$92062
=653  0\$aBártfai Gyüjtemény;$aBártfa Collection.
=740  0\$aMusiksammlung von Bartfeld.
=942  \\$cBOO
=952  \\$00$10$40$70$99752$aORPH$bORPH$cLOC_UNK$d2021-01-12$l0$p20123375$r2021-01-12 00:00:00$w2021-01-12$yTYPE_UNK$OKoopman
=999  \\$c9764$d9764
=490  \\$aDeutsche Musik im Osten ;$vBd. 2

