=LDR  01191aam a2200169   4500
=001  9766
=008  210315s1953\\\\be\|||||\||||\00|\0\eng\d
=020  \\$a9780486434063
=041  \\$aeng
=100  \\$aMurray Barbour, J.$4aut$912921
=245  \\$aTuning and Temperament:$bA Historical Survey
=260  \\$c1953$bMichigan Stage College$aMichigan
=300  \\$a228 pages
=520  \\$aThe demands of tuning (attaining the perfect scale) and temperament (the compromises necessary for composing in every key) have challenged musicians from the earliest civilizations onward. This guide surveys these longstanding problems, devoting a chapter to each principal theory and offering a running account of the complete history of tuning and temperament. Organized chronologically, the book features a helpful glossary and numerous illustrative tables, and it requires minimal background in music theory. This new reissue is currently the only edition in print of a much-quoted classic. 9 figures. 180 tables.
=942  \\$cBOO
=952  \\$00$10$2ddc$40$6MTP_1_000000000000000_MURR$70$8MTP$99754$aORPH$bORPH$cKM12_1$d2021-01-12$eKoopman$i30F03$l0$oMTP1 MURR$p20123326$r2021-01-12 00:00:00$w2021-01-12$yBOO
=999  \\$d9766

