=LDR  00546    a2200157   4500
=001  9770
=008  210315b\\\\\\\\be\|||||\||||\00|\0\eng\d
=041  \\$adut
=100  \\$aMusicus, Achates$dfl. 1945$4aut$912926
=245  \\$aZakcompendium der Muziektheorie
=250  \\$asecond edition
=260  \\$c1945$aAmsterdam$bEsso & Co
=300  \\$a84 pages
=942  \\$cBOO
=952  \\$00$10$2ddc$40$6MTP_1_000000000000000_MUSI$70$8MTP$99758$aORPH$bORPH$cKM12_1$d2021-01-12$eKoopman$i23E17$l0$oMTP1 MUSI$p20128947$r2021-01-12 00:00:00$w2021-01-12$yBOO
=999  \\$c9770$d9770

