=LDR  00366    a2200109   4500
=001  9774
=100  \\$aMysliveček, Josef$d1737-1781$4cmp$1http://www.wikidata.org/entity/Q313974$97990
=245  \\$aTre Notturni
=260  \\$c1983
=942  \\$cSCO
=952  \\$00$10$40$70$8SCO$99762$aORPH$bORPH$cKTS1_P$d2021-01-12$l0$p20124223$r2021-01-12 00:00:00$w2021-01-12$ySCO$OW.0891
=999  \\$c9774$d9774

