=LDR  00362    a2200121   4500
=001  9784
=020  \\$a9790801219275
=100  \\$aNebra, J. de$4cmp$912947
=245  \\$aResponsorios de los tres nocturnos
=260  \\$c2013
=942  \\$cSCO
=952  \\$00$10$40$70$8SCO$99772$aORPH$bORPH$cKTS1_P$d2021-01-12$l0$p20121905$r2021-01-12 00:00:00$w2021-01-12$ySCO$OW.2482
=999  \\$c9784$d9784

