=LDR  01116aam a2200205   4500
=001  9788
=008  250120s1897\\\\||||||||\||||\00|\0|ger\d
=041  \\$ager
=100  \\$aNef, Karl$d1873-1935$1http://www.wikidata.org/entity/Q122785$912950
=245  \\$aDie Collegia Musica in der deutschen reformierten Schweiz$bvon ihrer Entstehung bis zum Beginn des neunzehnten Jahrhunderts.
=260  \\$c1897$aSt.Gallen$bBreitkoph & Härtel
=300  \\$aviii-161 pages
=590  \\$aMit einer Einleitung über den reformierten Kirchengesang und die Pflege der Profanmusik in der Schweiz in den früheren Zeiten.
=648  \0$1http://www.wikidata.org/entity/Q7016$920923$a17th Century (1601-1700)
=648  \0$a18th Century (1701-1800)$1http://www.wikidata.org/entity/Q7015$920899
=650  \0$1http://www.wikidata.org/entity/Q846047$921373$aMusic history
=651  \0$1http://www.wikidata.org/entity/Q39$920954$aSwitzerland
=942  \\$cBOO
=952  \\$00$10$2ddc$40$6TOP_CH_5_000000000000000$70$8TOP$99776$aORPH$bORPH$cKTS0$d2021-01-12$eKoopman$i19B23$l0$oTOP CH 5$p20125097$r2021-01-12 00:00:00$w2021-01-12$yBOO$OKoopman
=999  \\$d9788

