=LDR  01010aam a2200205   4500
=001  9829
=008  250218s1995\\\\|||a||||\||||\00|\0\ger\d
=041  \\$ager
=100  \\$aNickel, H. L.$912980$4edt
=245  \\$aDie Marienbibliothek zu Halle.$bKostbarkeiten und Raritäten einer alten Büchersammlung
=260  \\$c1995$aHalle an der Saale$bFreundenkreis der Marienbibliothek
=300  \\$a44 pages
=648  \0$a16th Century (1501-1600)$1http://www.wikidata.org/entity/Q7017$920944
=648  \0$a17th Century (1601-1700)$1http://www.wikidata.org/entity/Q7016$920923
=648  \0$a18th Century (1701-1800)$1http://www.wikidata.org/entity/Q7015$920899
=650  \0$aLibrary$1http://www.wikidata.org/entity/Q7075$94229
=651  \0$aHalle (Saale, Germany)$1http://www.wikidata.org/entity/Q2814$921799
=942  \\$cBOO
=952  \\$00$10$2ddc$40$6BIB_4_000000000000000_DE_HAL1$70$8BIB$99817$aORPH$bORPH$cKTS0$d2021-01-12$eKoopman$i18D59$l0$oBIB4 DE.HAL1$p20125015$r2021-01-12 00:00:00$w2021-01-12$yBOO$OKoopman
=999  \\$d9829

