=LDR  00665    a2200157   4500
=001  9830
=008  210505s1885\\\\\\\|||||\||||\00|\0\dut\d
=041  \\$adut
=100  \\$aNicolai, Willem Frederik Gerard$d1829-1896$4aut$1http://www.wikidata.org/entity/Q2105585$921441
=245  \\$aHandleiding bij het onderwijs in de theorie der muziek: vol. 1
=260  \\$c1885$a's Gravenhage$bM. Nijhoff
=300  \\$a136 pages
=650  \0$aMusic theory$1http://www.wikidata.org/entity/Q193544$92662
=942  \\$cBOO
=952  \\$00$10$2ddc$40$6TRE_NICO$70$8TRE$99818$aORPH$bORPH$cKTS1_H$d2021-01-12$eKoopman$i24F45$l0$oTRE NICO$p20125841$r2021-01-12 00:00:00$w2021-01-12$yBOO
=999  \\$c9830$d9830

