=LDR  01642aam a2200301   4500
=001  9835
=005  20251003085458.0
=008  250312s1960\\\\|||\||||\b|||\001\0dger\d
=041  \\$ager
=100  \\$aNiemöller, Klaus Wolfgang$d1929-2024$1http://www.wikidata.org/entity/Q1745884$914812$4aut
=245  \\$aKirchenmusik und reichsstädtische Musikpflege im Köln des 18. Jahrhunderts
=260  \\$c1960$aCologne$bArno Volk-Verlag
=300  \\$a327 pages
=490  \\$aBeiträge zur Rheinischen Musikgeschichte$v39
=648  \0$a18th Century (1701-1800)$1http://www.wikidata.org/entity/Q7015$920899
=648  \0$a19th Century (1801-1900)$1http://www.wikidata.org/entity/Q6955$920935
=650  \0$aMusic history$1http://www.wikidata.org/entity/Q846047$921373
=650  \0$aChurch music$1http://www.wikidata.org/entity/Q8812109$1http://www.wikidata.org/entity/Q1065742$92283
=650  \0$aCappella$1http://www.wikidata.org/entity/Q19902156$922910
=650  \0$aStadtpfeifer$1http://www.wikidata.org/entity/Q1412422$924631
=650  \0$aBiography$1http://www.wikidata.org/entity/Q36279$91927
=650  \0$aCatalogue$1http://www.wikidata.org/entity/Q2352616$1http://www.wikidata.org/entity/Q6941730$921484
=650  \0$aProfessional$1http://www.wikidata.org/entity/Q702269$923223
=650  \0$aMusician$1http://www.wikidata.org/entity/Q639669$93574
=651  \0$aCologne (Germany)$1http://www.wikidata.org/entity/Q365$921601
=942  \\$cBOO
=952  \\$00$10$2ddc$40$6TOP_DE_COL_5_000000000000000$70$8TOP$99823$aORPH$bORPH$cKTS0$d2021-01-12$eKoopman$i21F7$l0$oTOP DE.COL 5$p20125501$r2021-01-12 00:00:00$w2021-01-12$yBOO$OKoopman
=999  \\$d9835

