=LDR  01268    a2200229   4500
=001  9836
=100  \\$aNiemöller, Klaus Wolfgang$d1929-2024$1http://www.wikidata.org/entity/Q1745884$914812
=245  \\$aUntersuchungen zu Musikpflege und Musikunterricht an den deutschen Lateinschulen vom ausgehenden Mittelalter bis um 1600
=260  \\$c1969$aRegensburg$bBosse
=300  \\$axxii-830 pages
=490  \\$aKölner Beiträge zur Musikforschung$vBand LIV
=648  \0$a16th Century (1501-1600)$1http://www.wikidata.org/entity/Q7017$920944
=648  \0$a15th Century (1401-1500)$1http://www.wikidata.org/entity/Q7018$921015
=650  \0$aInstitution$1http://www.wikidata.org/entity/Q178706$94241
=650  \0$aSchool music$1http://www.wikidata.org/entity/Q1021290$93677
=650  \0$aClassical education$1http://www.wikidata.org/entity/Q5128321$94599
=650  \0$aMusic education$1http://www.wikidata.org/entity/Q27908$921766
=650  \0$aMusic history$1http://www.wikidata.org/entity/Q846047$921373
=651  \0$aGermany$1http://www.wikidata.org/entity/Q183$9155
=942  \\$cBOO
=952  \\$00$10$2ddc$40$6TOP_DE_4_000000000000000$70$8TOP$99824$aORPH$bORPH$cKTS0$d2021-01-12$eKoopman$i23E25$l0$oTOP DE 4$p20128956$r2021-01-12 00:00:00$w2021-01-12$yBOO$OKoopman
=999  \\$d9836

