=LDR  00763cam a22001931p 4500
=001  9841
=005  20250605143547.0
=008  791005s1975\\\\ne\a\\\\\\\\\\000\0\dut\\
=015  \\$aNe75-14
=020  \\$a9060122577 :$cfl 25.00
=040  \\$aOI
=100  \\$aNieuwenhuijzen, Kees$912991
=245  10$aUtrecht en omstreken in 19de-eeuwse foto's /$csamengesteld en vormgegeven door Kees Nieuwenhijzen ; met een nawoord van Sophie Hazemeijer.
=260  \\$aAmsterdam :$bVan Gennep,$c1975.
=300  \\$a[136] p. :$bchiefly ill. ;$c28 cm.
=651  \0$aUtrecht (Netherlands)$1http://www.wikidata.org/entity/Q803$9141
=942  \\$cBOO
=952  \\$00$10$40$70$99829$aORPH$bORPH$cLOC_UNK$d2021-01-12$l0$p20125543$r2021-01-12 00:00:00$w2021-01-12$yTYPE_UNK$OKoopman
=999  \\$c9841$d9841

