=LDR  00337    a2200121   4500
=001  9850
=020  \\$a9073667194
=100  \\$aNijs, G.$912996
=245  \\$aHarreveld doorgrond
=260  \\$c1994
=942  \\$cBOO
=952  \\$00$10$40$70$99838$aORPH$bORPH$cLOC_UNK$d2021-01-12$l0$p20125549$r2021-01-12 00:00:00$w2021-01-12$yTYPE_UNK$OKoopman
=999  \\$c9850$d9850

