=LDR  00549    a2200145   4500
=001  9865
=008  210311b\\\\\\\\be\|||||\||||\00|\0\eng\d
=041  \\$aswe
=100  \\$aNordenfelt, Eva Christina$d1936-1995$4aut$913009
=245  \\$aKonsten att spela generalbas. Historik och praktiska anvisningar.
=260  \\$c1991$aStockholm
=300  \\$a163 pages
=942  \\$cBOO
=952  \\$00$10$2ddc$40$6MTP_2_000000000000000_NORD$70$8MTP$99853$aORPH$bORPH$cKM12_1$d2021-01-12$eKoopman$i21A01$l0$oMTP2 NORD$p20128344$r2021-01-12 00:00:00$w2021-01-12$yBOO
=999  \\$c9865$d9865

