=LDR  00382    a2200121   4500
=001  9868
=020  \\$a9012065453
=100  \\$aNorman, E.$913012
=245  \\$aTweeduizend jaar kerken
=260  \\$c1990
=942  \\$cBOO
=952  \\$00$10$2ddc$40$6VIS_NORM$70$8VIS$99856$aORPH$bORPH$cKTS1_H$d2021-01-12$eKoopman$i18F6$l0$oVIS NORM$p20127800$r2021-01-12 00:00:00$w2021-01-12$yBOO$OKoopman
=999  \\$c9868$d9868

