=LDR  01009pam a2200241 a 4500
=001  9874
=005  20251001162312.0
=008  890314r19901728enkag\\\\b\\\\001\0\eng\\
=020  \\$a9780521331319
=041  \\$aeng
=100  \\$aNorth, Roger$d1651-1734$4aut$1http://www.wikidata.org/entity/Q354440$921443
=245  10$aRoger North's The Musicall Grammarian 1728
=260  \\$aCambridge$bCambridge University Press$c1990
=300  \\$a305 pages
=490  \\$aCambridge Studies in Music
=650  \0$aMusic philosophy and aesthetics$1http://www.wikidata.org/entity/Q2092865$921165
=650  \0$aMusic theory$1http://www.wikidata.org/entity/Q193544$92662
=650  \0$aMusic history$1http://www.wikidata.org/entity/Q846047$921373
=700  \\$aChan, Mary$4edt$4win$913015
=700  \\$aKassler, Jamie Croy$4edt$4win$913018
=942  \\$cBOO
=952  \\$00$10$2ddc$40$6TRE_NORT$70$8TRE$99862$aORPH$bORPH$cKTS1_H$d2021-01-12$eKoopman$i23G51$l0$oTRE NORT$p20125726$r2021-01-12 00:00:00$w2021-01-12$yBOO
=999  \\$c9874$d9874

