=LDR  01162pam a2200277 a 4500
=001  9875
=003  OSt
=005  20250120120916.0
=008  920915s1992\\\\enka\\\\\b\\\\001\0\eng\\
=020  \\$a0198162987
=040  \\$aOI
=041  \\$aeng
=100  \\$aNoske, Frits$d1920-1993$4aut$913020
=245  10$aSaints and sinners :$bthe Latin musical dialogue in the seventeenth century /$cFrits Noske.
=260  \\$aOxford :$bClarendon Press ;$aNew York :$bOxford University Press,$c1992.
=300  \\$ax, 383 pages$bill. ;$c26 cm.
=504  \\$aIncludes bibliographical references (p. [376]-379) and index.
=650  \0$aDialog$926201
=650  \0$aSacred dialog$93476
=650  \0$aSacred dialog$93476
=856  \\$uhttp://www.loc.gov/catdir/enhancements/fy0639/92034757-d.html$3Publisher description
=942  \\$cBOO$2ddc
=952  \\$00$10$2ddc$40$6GEN_6_000000000000000$70$8GEN$99863$aORPH$bORPH$cKM12_1$d2021-01-12$eKoopman$l0$oGEN 6$p20129583$r2021-01-12 00:00:00$w2021-01-12$yBOO
=999  \\$c9875$d9875
=648  \0$a17th Century (1601-1700)$1http://www.wikidata.org/entity/Q7016$920923
=650  \0$aMusic history$1http://www.wikidata.org/entity/Q846047$921373

