=LDR  02131aam a2200325   4500
=001  9889
=008  250911s2018\\\\|||acg||\bm||\00|\0deng\d
=041  \\$aeng$adut
=100  \\$aO'Neill, Charlotte Elizabeth$d1976-$913038$4aut
=245  \\$aOrganist and master of the choristers.$bThe changing role of the church musician in the nineteenth-century anglican cathedral. Four case studies.
=246  \1$aOrganist en meester van de koorzangers.$bDe wijzigende rol van de kerkmusicus in de anglicaanse kathedraal tijdens de negentiende eeuw. Vier casestudies.
=260  \\$c2018$aUtrecht$bCharlotte Elizabeth O'Neill
=300  \\$a277 pages
=590  \\$aMet een samenvatting in het Nederlands. Proefschrift ter verkrijging van de graad van doctor aan de Universiteit van Utrecht op gezag van de rector magnificus, prof. dr. H.R.B.M. Kummeling, ... 2018
=610  \0$aSt. Paul's Cathedral (London, United Kingdom)$1http://www.wikidata.org/entity/Q173882$921967
=610  \0$aWestminster Abbey (London, United Kingdom)$1http://www.wikidata.org/entity/Q5933$921432
=610  \0$aCanterbury Cathedral$1http://www.wikidata.org/entity/Q29265$941181
=610  \0$aLeeds Minster$1http://www.wikidata.org/entity/Q2322532$941182
=648  \0$a19th Century (1801-1900)$1http://www.wikidata.org/entity/Q6955$920935
=650  \0$aMusic history$1http://www.wikidata.org/entity/Q846047$921373
=650  \0$aAnglicanism$1http://www.wikidata.org/entity/Q6423963$925457
=650  \0$aOrganist$1http://www.wikidata.org/entity/Q765778$94471
=650  \0$aChurch music$1http://www.wikidata.org/entity/Q8812109$1http://www.wikidata.org/entity/Q1065742$92283
=650  \0$aChoir$1http://www.wikidata.org/entity/Q131186$93338
=651  \0$aLeeds (United Kingdom)$927207
=651  \0$aLondon (United Kingdom)$1http://www.wikidata.org/entity/Q84$9123
=651  \0$aCanterbury (United Kingdom)$1http://www.wikidata.org/entity/Q29303$941183
=942  \\$cDIS
=952  \\$00$10$2ddc$40$6TOP_GB_6_000000000000000$70$8TOP$99877$aORPH$bORPH$cKTS0$d2021-01-12$eKoopman$i47G12-2$l0$oTOP GB 6$p20121536$r2021-01-12 00:00:00$w2021-01-12$yDIS$OKoopman
=999  \\$d9889

