=LDR  00376    a2200109   4500
=001  9892
=100  \\$aObrecht, Jacob$d1457-1505$4cmp$1http://www.wikidata.org/entity/Q311629$919471
=245  \\$aMissa "Fortuna desperata"
=260  \\$c1881
=942  \\$cSCO
=952  \\$00$10$40$70$8SCO$99880$aORPH$bORPH$cKTS1_P$d2021-01-12$l0$p20124320$r2021-01-12 00:00:00$w2021-01-12$ySCO$OW.1688
=999  \\$c9892$d9892

