=LDR  01558cam a2200337 a 4500
=001  9893
=005  20250120120034.0
=008  000304s2000\\\\gw\a\\\\\b\\\\001\0ager\d
=010  \\$a   00338801 
=020  \\$a3487108518
=035  \\$a(OCoLC)ocm43605324
=040  \\$aOHX$cOHX$dMBB$dDLC
=042  \\$alccopycat
=072  \7$aML$2lcco
=100  \\$aBach, Johann Elias$d1705-1755$913040
=240  10$9304$aCorrespondence.$kSelections
=245  14$aDie Briefentwürfe des Johann Elias Bach (1705-1755) /$cherausgegeben und kommentiert von Evelin Odrich und Peter Wollny ; mit Beiträgen zum Leben und Wirken Johann Elias Bachs von Hans-Joachim Schulze ... [et al.].
=260  \\$aHildesheim ;$aNew York :$bG. Olms,$c2000.
=300  \\$a282 p. :$bill. ;$c22 cm.
=504  \\$aIncludes bibliographical references and indexes.
=600  \0$aBach, Johann Elias$d1705-1755$913040
=610  \0$aBach family$1http://www.wikidata.org/entity/Q169509$922324
=650  \0$aChurch music$1http://www.wikidata.org/entity/Q8812109$92283
=700  \\$aOdrich, Evelin$913043
=700  \\$aWollny, Peter$d1961-$1http://www.wikidata.org/entity/Q95339065$915578
=700  \\$aSchulze, Hans-Joachim$d1934-$1http://www.wikidata.org/entity/Q92055$911725
=942  \\$cBOO
=952  \\$00$10$2ddc$40$6BIO_BACH8_B$70$8BIO$99881$aORPH$bORPH$cKTS1_P$d2021-01-12$eKoopman$i24O43$oBIO BACH8 b$p20129093$r2021-01-12 00:00:00$w2021-01-12$yBOO
=999  \\$c9893$d9893
=490  \\$aLeipziger Beiträge zur Bach-Forschung ;$v3
=651  \0$aGermany$1http://www.wikidata.org/entity/Q183$9155

