=LDR  00355    a2200121   4500
=001  9918
=020  \\$a989035129641
=100  \\$aOostrom, Frits van$d1953-$913066
=245  \\$aStemmen op schrift
=260  \\$c2006
=942  \\$cBOO
=952  \\$00$10$40$70$99906$aORPH$bORPH$cLOC_UNK$d2021-01-12$l0$p20129159$r2021-01-12 00:00:00$w2021-01-12$yTYPE_UNK$OKoopman
=999  \\$c9918$d9918

