=LDR  02133cam a22003374a 4500
=001  9927
=008  040903s2005\\\\iluagf\\\b\\\\001\0\eng\d
=041  \\$aeng
=100  \\$aVan Orden, Kate$1http://www.wikidata.org/entity/Q37996502$4aut$913075
=245  10$aMusic, Discipline, and Arms in Early Modern France
=260  \\$aChicago :$bUniversity of Chicago Press,$c2005.
=300  \\$axiv-322 pages
=500  \\$aThe French Wars of Religion were a series of eight civil wars fought between French Catholics and Protestants (Huguenots) from 1562 to 1598, although the conflict continued with minor battles until 1629.
=504  \\$aIncludes bibliographical references (p. 285-307) and index.
=505  0\$aMusic in a time of war -- Juste proportion : music as the measure of all things -- Violence, dance, and ballet de cour -- The cross and the sword -- Pyrrhic dance and the art of war -- "Dresser l'homme" : The ballet à cheval.
=648  \0$a16th Century (1501-1600)$1http://www.wikidata.org/entity/Q7017$920944
=648  \0$a17th Century (1601-1700)$1http://www.wikidata.org/entity/Q7016$920923
=650  \0$aMusic history$1http://www.wikidata.org/entity/Q846047$921373
=650  \0$aBallet de cour$939911
=650  \0$aBattaglia$1http://www.wikidata.org/entity/Q4869661$92916
=650  \0$aHistory of dance$1http://www.wikidata.org/entity/Q27730$939407
=650  \0$aFrench wars of religion (1562-1629)$940283
=650  \0$aNobility$1http://www.wikidata.org/entity/Q134737$93602
=650  \0$aCarrousel$1http://www.wikidata.org/entity/Q2062321$921674
=651  \0$aFrance$1http://www.wikidata.org/entity/Q142$9131
=856  \\$uhttp://www.loc.gov/catdir/bios/uchi051/2004020976.html$3Contributor biographical information
=856  \\$uhttp://www.loc.gov/catdir/toc/ecip0422/2004020976.html$3Table of contents only
=856  \\$uhttp://www.loc.gov/catdir/enhancements/fy0616/2004020976-d.html$3Publisher description
=942  \\$cBOO
=952  \\$00$10$2ddc$40$6TOP_FR_4_000000000000000$70$8TOP$99915$aORPH$bORPH$cKTS0$d2021-01-12$eKoopman$i38A01$l0$oTOP FR 4$p20122449$r2021-01-12 00:00:00$w2021-01-12$yBOO
=999  \\$d9927

