=LDR  01680cam a22002894a 4500
=001  9934
=005  20250925143258.0
=008  100610s2011\\\\cauab\\\\b\\\\001\0\eng\c
=010  \\$a  2010024486
=020  \\$a9780804771443 (cloth : alk. paper)
=020  \\$a9780804771450 (pbk. : alk. paper)
=040  \\$aCSt/DLC$cDLC$dDLC
=041  1\$aeng$hjpn
=100  \\$aFreedman, Alisa$4aut$913082
=245  10$aTokyo in Transit:$bJapanese Culture on the Rails and Road
=260  \\$aStanford, CA$bStanford University Press$c2011
=300  \\$axiii, 333 p. :$bill., maps ;$c24 cm.
=504  \\$aIncludes bibliographical references and index.
=505  0\$aTokyo on the rails and road : mass transportation as cultural and social vehicles -- Eyewitness accounts : observations of salarymen and schoolgirls on Tokyo's first trains -- Boys who feared trains : university students, railway trauma, and the health of the nation -- Shinjuku Station sketches : constructing an icon of modern daily life -- From modern girls in motion to figures of nostalgia : "bus girls" in the popular imagination -- The corpse introducer / by Kawabata Yasunari ; translated by Alisa Freedman and Hiroko Minami.
=648  \0$a20th Century (1901-2000)$1http://www.wikidata.org/entity/Q6927$920936
=650  \0$aTravel$1http://www.wikidata.org/entity/Q61509$94440
=651  \0$aTokyo (Japan)$1http://www.wikidata.org/entity/Q1490$9153
=700  \2$aYasunari, Kawabata$d1899-1972$913083
=700  12$tShitai shōkainin.$lEnglish.
=942  \\$cBOO
=952  \\$00$10$2ddc$40$6TOP_JP_TOK$70$8TOP$99922$aORPH$bORPH$cKTS0$d2021-01-12$l0$oTOP JP.TOK$p20128203$r2021-01-12 00:00:00$w2021-01-12$yBOO
=999  \\$c9934$d9934

