=LDR  00875cam a2200205 a 4500
=001  9939
=005  20250120120057.0
=008  850513s1985\\\\enkag\\\\b\\\\001\0\eng\\
=020  \\$a0947854002
=040  \\$aOI
=100  \\$aOsmond-Smith, David$913089
=245  10$aPlaying on words :$ba guide to Luciano Berio's Sinfonia /$cDavid Osmond-Smith.
=260  \\$aLondon :$bRoyal Musical Association ;$aCambridge [Cambridgeshire] :$bB. Jordon Music Books [distributor],$c1985.
=300  \\$avii, 95 p. :$bill., music ;$c26 cm.
=504  \\$aBibliography: p. 92-93.
=600  \0$aBerio, Luciano$d1925-2003$1http://www.wikidata.org/entity/Q221450$916980
=942  \\$cBOO
=952  \\$00$10$2ddc$40$6BIO_BERI_E$70$8BIO$99927$aORPH$bORPH$cKTS1_P$d2022-07-15$oBIO BERI e$p20129644$r2021-01-12 00:00:00$w2021-01-12$yBOO
=999  \\$c9939$d9939
=490  \\$aRoyal Musical Association monographs ;$vno. 1

