=LDR  01191    a2200229   4500
=001  9940
=008  250424s1964\\\\|||f||||\b|||\00|\0dger\d
=041  \\$ager
=100  \\$aOstarhild, Friedrich$d1878-1972$1http://www.wikidata.org/entity/Q94920006$913091$4aut
=245  \\$aSt.Nikolai zu Leipzig.$bGeschichte des Gotteshauses und der Gemeinde 1160-1960
=260  \\$c1964$aBerlin$bEvangelische Verlagsanstalt
=300  \\$a114-48 pages
=610  \0$aNikolaikirche (Leipzig, Germany)$1http://www.wikidata.org/entity/Q694286$923279
=650  \0$aChurch$1http://www.wikidata.org/entity/Q16970$93776
=650  \0$aArchitecture$1http://www.wikidata.org/entity/Q12271$93185
=650  \0$aReligion$1http://www.wikidata.org/entity/Q9174$93062
=650  \0$aMusic history$1http://www.wikidata.org/entity/Q846047$921373
=650  \0$aChurch music$1http://www.wikidata.org/entity/Q8812109$1http://www.wikidata.org/entity/Q1065742$92283
=651  \0$aLeipzig (Germany)$1http://www.wikidata.org/entity/Q2079$945
=942  \\$cBOO
=952  \\$00$10$2ddc$40$6TOP_DE_LEI$70$8TOP$99928$aORPH$bORPH$cKTS0$d2021-01-12$eKoopman$i42E16$l0$oTOP DE.LEI$p20122033$r2021-01-12 00:00:00$w2021-01-12$yBOO$OKoopman
=999  \\$d9940

