=LDR  00859aam a2200193   4500
=001  9945
=008  221121s1968\\\\||||||||\||||\00|\0\ger\d
=041  \\$ager
=100  \\$aOtt, Alfons$4aut$913095
=245  \\$aTausend Jahre Musikleben 800-1800
=260  \\$aMunich$bPrestel$c1968
=648  \0$aMiddle Ages (500-1400)$1http://www.wikidata.org/entity/Q12554$920964
=648  \0$aRenaissance (1400-1600)$1http://www.wikidata.org/entity/Q4692$920965
=648  \0$a17th Century (1601-1700)$1http://www.wikidata.org/entity/Q7016$920923
=648  \0$a18th Century (1701-1800)$1http://www.wikidata.org/entity/Q7015$920899
=650  \0$aMusic history$1http://www.wikidata.org/entity/Q846047$921373
=942  \\$cBOO
=952  \\$00$10$2ddc$40$6GHM_0_000000000000000$70$8GHM$99933$aORPH$bORPH$cKM12_1$d2021-01-12$l0$oGHM0$p20125737$r2021-01-12 00:00:00$w2021-01-12$yBOO
=999  \\$d9945

