=LDR  00775    a2200193   4500
=001  9946
=008  210624s1963\\\\\\\|||||\||||\00|\0dger\d
=020  \\$a9783794526017
=041  \\$ager
=100  \\$aOtte, A.$4aut$913096
=245  \\$aKerners Krankheiten großer Musiker
=260  \\$aStuttgart$bSchattauer$c1963
=650  \0$aMusic history$1http://www.wikidata.org/entity/Q846047$921373
=650  \0$aComposer$1http://www.wikidata.org/entity/Q36834$93625
=650  \0$aBiography$1http://www.wikidata.org/entity/Q36279$91927
=650  \0$aDisease$1http://www.wikidata.org/entity/Q12136$921777
=942  \\$cBOO
=952  \\$00$10$2ddc$40$6GHM_0_000000000000000$70$8GHM$99934$aORPH$bORPH$cKM12_1$d2021-01-12$l0$oGHM 0$p20126955$r2021-01-12 00:00:00$w2021-01-12$yTYPE_UNK
=999  \\$c9946$d9946

