=LDR  01207aam a2200229   4500
=001  9950
=005  20251001162312.0
=008  250303s1978\\\\|||g||||\b|||\00|\0|ger\d
=041  \\$ager
=100  \\$aOttenberg, Hans-Günter$d1947-$1http://www.wikidata.org/entity/Q1476574$914575$4aut
=245  \\$aDie Entwicklung des theoretisch-ästhetischen Denkens innerhalb der Berliner Musikkultur von den Anfängen der Aufklärung bis Reichardt
=260  \\$c1978$aLeipzig$bVED Deutscher Verlag für Musik
=300  \\$a123 pages
=490  \\$aBeiträge zur musikwissenschaftlichen Forschung in der DDR$v10
=648  \0$a18th Century (1701-1800)$1http://www.wikidata.org/entity/Q7015$920899
=650  \0$aMusic philosophy and aesthetics$1http://www.wikidata.org/entity/Q2092865$921165
=650  \0$aMusic history$1http://www.wikidata.org/entity/Q846047$921373
=650  \0$aEnlightenment$1http://www.wikidata.org/entity/Q12539$94532
=651  \0$aBerlin (Germany)$1http://www.wikidata.org/entity/Q64$948
=942  \\$cBOO
=952  \\$00$10$2ddc$40$6TOP_DE_BER_5_000000000000000$70$8TOP$99938$aORPH$bORPH$cKTS0$d2021-01-12$eKoopman$i28D21$l0$oTOP DE.BER 5$p20123588$r2021-01-12 00:00:00$w2021-01-12$yBOO$OKoopman
=999  \\$d9950

