=LDR  00334    a2200121   4500
=001  9960
=020  \\$a9090140565
=100  \\$aOudenaarden, J.$913111
=245  \\$aDe Doelen
=260  \\$c2000
=942  \\$cBOO
=952  \\$00$10$40$70$99948$aORPH$bORPH$cLOC_UNK$d2021-01-12$l0$p20125559$r2021-01-12 00:00:00$w2021-01-12$yTYPE_UNK$OKoopman
=999  \\$c9960$d9960

