=LDR  00388    a2200109   4500
=001  9976
=100  \\$aPachelbel, Johann$d1653-1706$4cmp$1http://www.wikidata.org/entity/Q76485$913127
=245  \\$aToccaten, Fantasien, Praeludien,
=260  \\$c1983
=942  \\$cSCO
=952  \\$00$10$40$70$8SCO$99964$aORPH$bORPH$cKTS1_P$d2021-01-12$l0$p20121727$r2021-01-12 00:00:00$w2021-01-12$ySCO$OW.0004 ob
=999  \\$c9976$d9976

