=LDR  00372    a2200109   4500
=001  9978
=100  \\$aPachelbel, Johann$d1653-1706$4cmp$1http://www.wikidata.org/entity/Q76485$913127
=245  \\$a94 Kompositionen
=260  \\$c1959
=942  \\$cSCO
=952  \\$00$10$40$70$8SCO$99966$aORPH$bORPH$cKTS1_P$d2021-01-12$l0$p20121804$r2021-01-12 00:00:00$w2021-01-12$ySCO$OW.1030-17
=999  \\$c9978$d9978

