=LDR  01387ccm a2200349 a 4500
=001  9979
=005  20250120120042.0
=008  130918s2010\\\\gw\msa|\\ehi\\\n\\|\lat\d
=010  \\$a  2013568125
=016  7\$a015800786$2Uk
=024  3\$a9790006553006
=028  32$aBA 10551$bBärenreiter
=035  \\$a(OCoLC)700009234
=040  \\$aEQO$cEQO$dTDF$dCIN$dINU$dMYG$dUKMGB$dOCLCA$dDLC
=041  0\$alat$geng$gger$hger
=042  \\$alccopycat
=100  \\$aPachelbel, Johann$d1653-1706$4cmp$1http://www.wikidata.org/entity/Q76485$913127
=240  10$9789$aMasses,$nP. 357,$rC major
=245  10$aMessen /$cJohann Pachelbel ; herausgegeben von Wolfgang Hirschmann.
=260  \\$aKassel :$bBärenreiter,$c2010.
=300  \\$a1 score (xxvi, 68 p.) :$bfacsims. ;$c33 cm.
=490  1\$aSämtliche Vokalwerke / Johann Pachelbel ;$vBd. 1
=546  \\$aLatin words.
=504  \\$aIncludes bibliographical references.
=505  0\$aMissa in C, PWV 1301 -- Missa in D, PWV 1302.
=650  \0$aMass$1http://www.wikidata.org/entity/Q217295$92735
=700  \\$aHirschmann, Wolfgang$911592
=700  \2$aPachelbel, Johann$d1653-1706$1http://www.wikidata.org/entity/Q76485$913127
=800  1\$aPachelbel, Johann$d1653-1706$913127
=942  \\$cSCO
=952  \\$00$10$40$70$8SCO$99967$aORPH$bORPH$cKTS1_P$d2021-01-12$l0$p20123904$r2021-01-12 00:00:00$w2021-01-12$ySCO$OW.2242-1
=999  \\$c9979$d9979

