=LDR  03227ccm a22006014i 4500
=001  9987
=005  20250120120149.0
=008  130918m20082015gw\mua|\\i\\\\\n\\|\ger\\
=024  2\$a9790006553006 (v. 1)
=024  2\$a9790006553013 (v. 2)
=024  2\$a9790006553020 (v. 3)
=024  2\$a9790006553037 (v. 4)
=024  2\$a9790006553044 (v. 5)
=024  2\$a9790006553112 (v. 6)
=024  2\$a9790006553068 (v. 7)
=024  2\$a9790006553075 (v. 8)
=024  2\$a9790006553082 (v. 9)
=024  2\$a9790006553099 (v. 10)
=024  2\$aM006553105 (v. 11)
=028  30$aBA 10551$bBärenreiter (v. 1)
=028  30$aBA 10552$bBärenreiter (v. 2)
=028  30$aBA 10553-01$bBärenreiter (v. 3)
=028  30$aBA 10554$bBärenreiter (v. 4)
=028  30$aBA 10555$bBärenreiter (v. 5)
=028  30$aBA 10556-01$bBärenreiter (v. 6)
=028  30$aBA 10557$bBärenreiter (v. 7)
=028  30$aBA 10558$bBärenreiter (v. 8)
=028  30$aBA 10559-01$bBärenreiter (v. 9)
=028  30$aBA 10560$bBärenreiter (v. 10)
=028  30$aBA 10561$bBärenreiter (v. 11)
=040  \\$aOI$beng$erda
=041  \\$ager$alat$geng$gger$hger
=100  \\$aPachelbel, Johann$d1653-1706$4cmp$1http://www.wikidata.org/entity/Q76485$913127
=240  10$9790$aVocal music
=245  10$aSämtliche Vokalwerke /$cJohann Pachelbel ; herausgegeben im Auftrag des Instituts für Musikforschung der Julius-Maximilians-Universität Würzburg und des Instituts für Kirchenmusik der Kunstuniversität Graz von Wolfgang Hirschmann, Katharina Larissa Paech und Thomas Röder.
=264  \1$aKassel ;$bNew York :$bBärenreiter,$c2008-2015.
=300  \\$a11 volumes ;$c33 cm
=336  \\$anotated music$2rdacontent
=337  \\$aunmediated$2rdamedia
=338  \\$avolume$2rdacarrier
=546  \\$bStaff notation.
=546  \\$aIntroduction in German and English; critical report in German.
=505  1\$aBand 1. Messen / herausgegeben von Wolfgang Hirschmann --Band 2. Ingressus I / herausgegeben von Katharina Larissa Paech -- Band 3. Ingressus II / herausgegeben von Katharina Larissa Paech -- Band 4. Magnificat I / herausgegeben von Katharina Larissa Paech -- Band 5. Magnificat II / herausgegeben von Katharina Larissa Paech -- Band 6. Magnificat III / herausgegeben von Katharina Larissa Paech -- Band 7. Concerti I / herausgegeben von Thomas Röder -- Band 8. Concerti II / herausgegeben von Thomas Röder -- Band 9. Concerti III / herausgegeben von Thomas Röder unter Mitarbeit von Wilhelm Binder -- Band 10. Motetten / herausgegeben von Wolfgang Hirschmann -- Band 11. Arien / herausgegeben von Wolfgang Hirschmann.
=504  \\$aIncludes bibliographical references.
=650  \0$aVocal music$1http://www.wikidata.org/entity/Q685884$93319
=700  \\$aHirschmann, Wolfgang$911592
=700  \\$aPaech, Katharina Larissa$913134
=700  \\$aRöder, Thomas$d-1950$913133
=710  \\$aBayerische Julius-Maximilians-Universität Würzburg (Germany)$91492
=710  \\$aKunstuniversität Graz (Austria)$1http://www.wikidata.org/entity/Q875147$91648
=942  \\$cSCO
=952  \\$00$10$40$70$8SCO$99975$aORPH$bORPH$cKTS1_P$d2021-01-12$l0$p20123898$r2021-01-12 00:00:00$w2021-01-12$ySCO$OW.2242-7
=999  \\$c9987$d9987

