=LDR  00360    a2200121   4500
=001  9990
=005  20251103163438.0
=100  \\$aPadoan, Maurizio$913143
=245  \\$aLa musica in S. Maria Maggiore a
=260  \\$c1983
=942  \\$cBOO
=952  \\$00$10$40$70$99978$aORPH$bORPH$cLOC_UNK$d2021-01-12$l0$p20125847$r2021-01-12 00:00:00$w2021-01-12$yTYPE_UNK$OKoopman
=999  \\$c9990$d9990

