=LDR  01681cam a2200301 i 4500
=001  9999
=005  20250120120206.0
=008  051222s2006\\\\ilua\\\\ob\\\\001\0\eng\\
=020  \\$z9780252031564$qalk. paper
=020  \\$z0252031563$qalk. paper
=040  \\$aOI
=041  \\$aeng
=100  1\$aPalisca, Claude V.$4aut
=245  10$aMusic and Ideas in the Sixteenth and Seventeenth Centuries
=246  30$aMusic and Ideas
=264  \1$aChicago$bUniversity of Illinois Press$c2006
=490  \\$aStudies in the History of Music Theory and Literature$v1
=504  \\$aIncludes bibliographical references (pages 243-270) and index.
=505  0\$aMusical change and intellectual history -- Universal harmony -- Sense over reason : the anti-theoretical tradition -- The poetics of musical composition -- Humanist revival of the modes and genera -- Humanist reaction to polyphony -- Theories of monody and dramaitc music -- Music and scientific discovery -- Ancient and modern : styles and genres -- Theories of the affections and imitation -- Music and rhetoric.
=588  \\$aDescription based on print version record.
=648  \0$a16th Century (1501-1600)$1http://www.wikidata.org/entity/Q7017$920944
=648  \0$a17th Century (1601-1700)$1http://www.wikidata.org/entity/Q7016$920923
=650  \0$aMusic history$1http://www.wikidata.org/entity/Q846047$921373
=650  \0$aMusic theory$1http://www.wikidata.org/entity/Q193544$92662
=650  \0$aRhetoric$1http://www.wikidata.org/entity/Q81009$93894
=942  \\$cBOO
=952  \\$00$10$2ddc$40$6GHM_4_000000000000000$70$8GHM$99987$aORPH$bORPH$cKM12_1$d2021-01-12$oGHM4$p20129193$r2021-01-12 00:00:00$w2021-01-12$yBOO
=999  \\$d9999

