=LDR  00983cam a2200253 i 4500
=001  10000
=005  20250121142125.0
=008  791016s1981\\\\njua\\\\\b\\\\001\0\eng\\
=020  \\$a0130559474
=040  \\$aOI
=041  \\$aeng
=100  \\$aPalisca, Claude V.$d1921-2001$4aut$1http://www.wikidata.org/entity/Q3313135$913150
=245  10$aBaroque Music
=250  \\$a2nd ed.
=260  \\$aEnglewood Cliffs, NJ$bPrentice-Hall$c1981
=300  \\$axiv-300 pages$billustrations$c24 cm
=490  0\$aPrentice-Hall History of Music
=504  \\$aBibliography: p. 283-289.
=648  \0$a17th Century (1601-1700)$1http://www.wikidata.org/entity/Q7016$920923
=648  \0$a18th Century (1701-1800)$1http://www.wikidata.org/entity/Q7015$920899
=650  \0$aBaroque$1http://www.wikidata.org/entity/Q37853$921255
=942  \\$cBOO
=952  \\$00$10$2ddc$40$6GHM_5_000000000000000$70$8GHM$99988$aORPH$bORPH$cKM12_1$d2022-08-11$l0$oGHM5$p20123286$r2021-01-12 00:00:00$w2021-01-12$yBOO
=999  \\$d10000

