=LDR  00718cam a22002055i 4500
=001  10008
=005  20230123095209.0
=008  170906s2016\\\\bl\\\\\\\\\\\\000\0\por\\
=020  \\$a9788579615009
=040  \\$aOI$beng$erda
=100  \\$aOliveira, Márcio Costa de$4aut$913161
=245  10$aFuzileiros Navais :$bsoldados da liberdade /$cMárcio Costa de Oliveira.
=264  \1$aRio de Janeiro :$bEditora Multifoco,$c2016.
=300  \\$a219 pages ;$c21 cm
=336  \\$atext$btxt$2rdacontent
=337  \\$aunmediated$bn$2rdamedia
=338  \\$avolume$bnc$2rdacarrier
=942  \\$cBOO
=952  \\$00$10$2ddc$40$70$8COLL_UNK$99996$aORPH$bORPH$cLOC_UNK$d2021-01-12$r2021-01-12 00:00:00$w2021-01-12$yBOO$OKoopman
=999  \\$c10008$d10008

