=LDR  00518    a2200169   4500
=001  10010
=003  OSt
=005  20230123095207.0
=040  \\$cST
=041  \\$ager
=100  \\$aPanoff, P.$4aut$913163
=245  \\$aMilitärmusik in Geschichte und Gegenwart
=260  \\$c1944$aBerlin$bKarl Siegismund
=300  \\$a224 pages
=942  \\$cBOO$2ddc
=952  \\$00$10$2ddc$40$6GEN_15_000000000000000$70$8GEN$99998$aORPH$bORPH$cKM12_1$d2021-01-12$eKoopman$l0$oGEN 15$p20126560$r2021-01-12 00:00:00$w2021-01-12$yBOO
=999  \\$c10010$d10010

