=LDR  00791    a2200193   4500
=001  10012
=005  20250109133434.0
=008  210421s1971\\\\\\\|||||\||||\00|\0\eng\d
=020  \\$a0064366839
=041  \\$aeng
=100  \\$aPanofsky, Erwin$d1892-1968$4aut$918603
=245  \\$aEarly Netherlandish Painting
=260  \\$aNew York$bHarper & Row$c1971
=300  \\$a2 vols.
=942  \\$cBOO$2ddc
=952  \\$00$10$40$6TOP_NL$70$8TOP$99999$aORPH$bORPH$cKTS0$d2021-01-12$eKoopman$i22E04-05$l0$oTOP NL$p20129573$r2021-01-12 00:00:00$w2021-01-12$yBOO$OKoopman
=952  \\$00$10$2ddc$40$6TOP_NL$70$8TOP$910000$aORPH$bORPH$cKTS0$d2021-01-12$eKoopman$i22E04-05$l0$oTOP NL$p20129574$r2021-01-12 00:00:00$w2021-01-12$yBOO
=999  \\$c10012$d10012
=650  \0$aFine art$1http://www.wikidata.org/entity/Q219625$921579

